1972 3114
166 206 216 257 254
422 206 703 254 ΔΗΜΟΣΘΕΝΟΥΣ
904 217 951 262 896.

164 307 212 365 τοῦ
230 309 335 382 λιμένος.
357 303 424 363 ὅθεν
442 307 499 379 ἐμοὶ
514 303 581 382 πρὸς
596 306 689 363 τοῦτον
707 299 824 380 ἧπριάτη
837 305 951 404 διαφορά

166 393 272 466 ἐγένετο.
308 385 470 462 αἰσθόμενος
482 385 534 465 γὰρ
547 387 561 446 ὁ
574 393 720 488 Παρμένων
731 390 904 486 ἐξαγομένων
902 389 952 444 τῶν

165 473 264 530 παίδων
276 469 486 545 ἐπιλαμβάνεται,
497 469 598 542 καλιὴν
609 474 673 528 ναῦν
686 467 859 528 κατεκώλυσεν
873 464 953 527 αυτὸν

165 558 313 631 ἐξορμίζειν
337 555 381 610 καὶ
391 550 624 656 μεταπεμφάμενος
636 557 689 627 ἐμὲ,
707 557 771 629 λέγει
789 550 818 610 τὸ
815 554 950 658 πρᾶγμα.

165 635 200 702 ὧς
214 634 271 693 δ”
254 660 369 706 ηκουσα,
386 637 479 694 τοῦτον
490 640 535 710 μὲν
549 633 725 694 άνυσιάτατον
737 631 873 711 ἡγησάμην
887 632 952 691 εἶναι

166 723 200 776 τῶ
216 716 396 794 ἕπιχειρηματι,
410 716 572 793 ἐσκοπουμην
585 717 651 787 δί,”
637 743 707 784 οπως
720 715 798 783 αὐτός
809 739 838 774 τε
852 715 949 775 οῖπολυ-

166 800 288 874 θήσομαι
300 804 346 870 τῆς
349 798 451 907 ἐγγύης
464 803 510 871 τῆς
522 803 563 858 ἐπὶ
577 799 623 873 τὴν
635 799 775 878 τράπεζαν,
794 802 839 858 καὶ
852 799 867 858 ὃ
881 804 952 867 ξένος

164 883 200 958 μὴ
216 880 318 950 άπσλεῖ,
336 907 353 939 α
341 880 430 940 ιδιΜ
418 885 478 957 εμοῦ
492 881 574 958 τούτῳ
587 882 721 942 ἐδάνεισεν.
743 906 912 982 καταστησας
925 885 952 939 δὲ

165 964 326 1040 φύλακας
296 989 341 1036 της
353 963 427 1034 νεοίς,
441 964 601 1042 διηγησάμην
613 973 667 1032 τοῖς
679 972 815 1074 ἐγγυηταῖς
828 989 875 1036 της
887 990 950 1041 τρα-

165 1047 278 1119 πέζης
251 1072 298 1119 την
308 1049 410 1124 πρᾶξιν,
424 1073 468 1105 και
460 1049 655 1124 παρέδωκα
630 1074 659 1108 το
672 1055 799 1126 ἐνέχυρον,
812 1047 889 1106 εῖπών
904 1044 949 1105 αδ

166 1138 232 1200 τοῖς,
251 1130 290 1189 ὅτι
304 1133 364 1188 δέκα
378 1136 441 1205 μναῖ
451 1135 568 1202 ἐνείησαν
580 1157 615 1208 τῳ
603 1134 716 1207 ξένῳ’
704 1158 730 1191 ιν
742 1133 773 1209 τῇ
785 1135 833 1202 νηί.
868 1132 952 1189 ταῦτα

167 1217 193 1272 δὲ
205 1211 309 1289 πράξας
322 1211 492 1290 κατηγγύησα
506 1212 566 1280 τσδς
578 1218 687 1284 παῖδας,
711 1212 752 1282 ἵν’,
779 1221 805 1272 εί
818 1238 857 1280 τις
870 1216 951 1272 ἔνδεια

166 1301 287 1373 γίγνοιτο,
301 1293 334 1352 τὰ
347 1300 492 1354 ἐλλείποντα
507 1303 534 1354 ἐκ
547 1300 598 1355 τῶν
608 1301 707 1356 παίδων
719 1304 765 1369 εἴη.
792 1299 837 1354 καί
848 1297 953 1372 ἐγὼμὲν

166 1379 251 1449 ἐπειδὴ
274 1380 365 1454 ἔλαβον
386 1382 477 1437 τοδτον
498 1377 648 1450 ἇδικοῦντα,
675 1378 867 1457 διωρθωσάμην
887 1378 953 1480 ὑπὲρ

167 1465 278 1536 ἐμαυτοῦ
292 1464 336 1519 καί
353 1464 400 1519 τυῦ
418 1466 502 1561 ξένρυ·
525 1488 539 1521 ο
529 1461 619 1520 “’“δ
599 1487 682 1540 ωςπερ
701 1461 879 1537 άδικοάμειος,
897 1459 950 1520 ἄλλ’

167 1543 215 1602 οὐκ
230 1541 358 1612 άδικῶνβ
345 1543 469 1619 εμέμφετά
480 1569 532 1620 μοι,
546 1549 590 1603 καί
602 1543 702 1622 ηροίτα,
715 1549 738 1604 ελ
751 1543 797 1647 ρίγ
809 1543 898 1603 ῖκανάν
908 1569 953 1619 μοι

166 1634 204 1698 εἴη
222 1624 291 1701 αὐτῷ
310 1624 526 1733 αἰπολρθηναι
495 1652 541 1698 της
557 1628 650 1704 ἐγγύης
662 1632 707 1700 τῆς
719 1628 785 1705 πρὸς
797 1651 844 1698 την
855 1625 953 1704 τράπε

168 1715 224 1778 ζαι,
238 1684 309 1766 ἄλλά
322 1712 365 1767 καὶ
363 1709 442 1816 ὑπὲρ
454 1713 500 1768 τοῦ
514 1708 638 1786 ἀργυρίου
652 1715 697 1771 τοῦ
699 1715 901 1819 Παρμένοντος
908 1734 955 1781 την

166 1796 229 1849 ναιῖν
241 1796 375 1868 κατεγγυῶ
392 1795 437 1849 καὶ
453 1791 513 1858 τοὺς
529 1796 637 1862 παῖδας,
663 1798 707 1852 και
724 1794 789 1870 ὑπὲρ
807 1790 955 1892 άνθρωπρυ

166 1873 284 1951 φυγάδος
298 1876 496 1974 ἀπεχθανοίμην
509 1883 558 1947 (θλι
560 1876 615 1948 )‘
585 1879 662 1961 αυτῷ.
681 1877 731 1978 ἐγὼ
745 1874 812 1935 δὲ
786 1900 832 1934 τον
846 1872 953 1933 πιστεά-

167 1983 251 2016 σαντα
264 1960 368 2064 ἐμαυτῷ
378 1956 495 2057 τρσοάτφ
514 1959 577 2032 ῖφην
593 1951 670 2031 ἦττον
689 1959 722 2018 άν
739 1956 913 2036 περιιδεῖν,“
897 1981 955 2032 οσῳ

165 2039 253 2141 φογρῖς
270 2038 306 2099 α’ίν
323 2043 368 2098 καί
385 2037 486 2112 ἆτυχῶν
501 2037 638 2111 ηδικεῖτο
624 2042 676 2101 υπὸ
690 2040 790 2143 τράτου.
824 2039 913 2099 πάντα
927 2014 956 2097 δι’

165 2147 293 2194 ποιησας,
307 2126 351 2181 καί
364 2125 399 2189 εἷς
411 2126 503 2180 πάσαν
516 2121 661 2197 άπὲγθειαν
674 2124 757 2200 τούτῳ
770 2121 870 2193 ἐλθεῖν,
882 2121 956 2197 μόλις

166 2204 341 2281 εἶςὲπραξα
316 2230 345 2264 το
359 2203 495 2282 άργάριον,
521 2212 672 2309 πραθείσης
690 2212 735 2279 τῆς
751 2205 813 2272 ιειδς
826 2204 954 2278 τετταρά-

166 2312 244 2345 κοντα
256 2289 334 2362 μναῖν,
348 2287 492 2365 ὅσουπερη
482 2282 611 2356 ’θέσις
596 2315 634 2361 ην.
663 2289 849 2348 άπσδσθεισῶν
864 2290 940 2345 δὲ
904 2310 954 2346 των

165 2368 303 2444 τριάκοντα
316 2373 384 2443 μνῶν
397 2373 439 2429 ἐπὶ
452 2370 498 2442 τὴν
510 2371 650 2448 τράπεζαν,
677 2376 720 2430 καί
738 2376 788 2430 τῶν
808 2373 869 2429 δέκα
886 2375 956 2446 μνῶν

166 2454 201 2526 τηῖ
215 2457 387 2528 Παρμένοντι,
401 2457 514 2512 ἐναντίον
525 2459 626 2514 πολλῶν
637 2453 774 2532 μαρτύρων
787 2452 836 2520 τάς
848 2477 877 2511 τε
889 2476 955 2530 συγ-

166 2534 273 2610 γραφάς
293 2532 463 2610 οῖνειλόμεθα,
486 2535 550 2595 καθ’
567 2538 598 2604 δίς
616 2542 757 2608 ἐδανείσθη
774 2535 807 2595 τά
823 2535 956 2614 χρήματα,

168 2619 213 2673 καί
228 2620 278 2675 τῶν
297 2617 517 2694 συναλλαγμάτων
534 2617 641 2696 ἀφεῖμεν
653 2625 698 2680 καὶ
711 2618 894 2694 ἀπηλλάξαμεν
909 2615 955 2676 ‹31-

166 2697 270 2770 λάλους,
283 2699 345 2767 ὥςτε
356 2698 421 2775 μήτε
434 2699 516 2776 τούτῳ
530 2703 595 2781 πρὸς
608 2708 662 2780 ἐμὲ,
673 2700 730 2779 μήτ’
746 2705 802 2777 ἐμοὶ
815 2701 882 2779 πρὸς
894 2704 955 2760 τοῦ·
