1972 3114
353 471 378 526 Y
394 469 422 526 Π
441 470 462 525 0
483 470 504 526 Θ
523 469 546 527 Ε
565 469 588 527 Σ
606 470 619 526 Ι
636 468 658 527 Σ

114 603 177 651 τοτ
199 601 284 651 ιτεοτ
307 600 496 649 ττυοοταυτ
518 601 767 650 σιεττσεσττοτ
789 601 892 651 Δοσον

438 724 577 737 ψ

174 815 367 895 Δαντισοίμενος
383 815 457 916 παρρὶ
471 815 638 892 Δήμωνος,“
625 815 680 887 ενδς
697 818 748 877 τῶν
760 822 892 891 Δημοσθέ

112 923 173 968 νους
180 904 340 1007 συγγενῶν,
352 898 465 1006 έμτιρρός
478 924 528 968 τις,
550 903 663 976 Πρῶτος
681 925 775 977 ονομα,
797 905 892 977 ἐπρίατ

113 989 159 1043 τοῦ
173 981 298 1086 ἆργυρίου
311 991 384 1042 οἶτον
401 989 427 1041 ἐν
440 981 635 1086 Συρακσυσαις,
653 986 698 1043 καί
714 985 806 1042 τοῦτον
819 983 891 1059 ἐκόμι

113 1091 158 1127 σεν
176 1069 212 1134 εἷς
226 1065 372 1139 Ἀθήνας’
360 1067 402 1123 ειτί
418 1064 492 1135 νεώς,
513 1057 544 1138 ἧς
558 1066 734 1168 Ἡγέστρατος
751 1065 892 1143 ἐναυκλήρει

110 1151 289 1228 Ἡγέστρατος
302 1153 329 1207 δέ
343 1174 388 1208 και
379 1147 558 1223 Ζηνόθεμις,
576 1148 643 1249 πρὸς
660 1149 691 1208 ὅν
703 1149 800 1208 ἐστιν“
785 1174 802 1221 η
816 1174 888 1225 παρα

112 1232 217 1311 γραφή,
238 1235 476 1292 Μασσαλιῶται
445 1256 492 1306 μεν
503 1224 572 1305 ἦσαν
583 1233 613 1293 τὸ
625 1237 711 1310 γένος,
734 1231 892 1310 κακουργημι

113 1320 141 1375 δὲ
154 1341 273 1376 τοιουτον
285 1325 312 1376 ἐν
324 1313 507 1392 Συρακουσαις
519 1315 728 1392 ἐκακούργησαν,
756 1314 855 1388 (881)
837 1341 892 1382 ως

113 1399 198 1478 ῥήτωρ
211 1404 298 1476 φησίν.
333 1403 498 1458 ἐδανείσαντο
506 1398 643 1476 χρήματα,
661 1423 746 1457 ταυτα
765 1399 833 1456 δέ’
812 1422 848 1464 εις
859 1403 891 1473 μέ

113 1484 159 1554 τήν
176 1487 242 1542 ναῦν
260 1481 306 1543 οὖν
324 1487 456 1550 ἐνέθεντο,
473 1481 566 1559 λάθρᾳ
584 1485 611 1540 δέ
628 1484 664 1548 εἷς
681 1481 727 1553 τήν
739 1486 889 1542 Μασσαλία

114 1565 269 1625 ἀπέστειλαν
273 1610 280 1635 ,
295 1563 476 1642 ἆτιοστερήσαι
487 1564 549 1632 τοδς
560 1568 730 1631 δανείσαντας
740 1567 892 1640 βεβουλεομέ

113 1674 161 1709 νοι.
192 1649 278 1722 ἐπειδή
291 1648 344 1751 γὰρ
358 1653 503 1725 ἐγέγραπτο
517 1656 543 1709 ἐν
556 1674 590 1724 τῳ
579 1651 766 1724 συμβολαίῳ,
781 1671 803 1707 ει
794 1647 892 1706 ’παθο

114 1732 166 1801 τιή
179 1758 255 1803 ναυς,
271 1757 306 1807 μη
298 1730 496 1791 ἀπαιτεῖσθαι
516 1728 612 1798 αυτοίις
629 1730 662 1790 τέι
661 1729 815 1839 χρήματα,
833 1735 892 1789 ἐσκέ

112 1837 200 1895 ψαντο
212 1812 399 1875 καταδῦσαι1
373 1838 419 1886 την
430 1817 502 1874 ναίιν.
531 1813 631 1916 νύκτωρ
643 1840 688 1874 ουν
701 1823 728 1873 ἐν
739 1839 774 1890 τῳ
762 1816 843 1889 τελῶ
857 1839 890 1871 ιια

113 1900 246 1959 τελθών(
234 1926 248 1959 ο
257 1900 434 1976 Ηγέστρατος
452 1901 568 1958 διέκοπτε
585 1923 632 1958 του
619 1900 741 1961 πλοίου
757 1922 787 1956 το
777 1896 892 1971 ἔδαφος

113 1986 253 2061 φωραθεις
266 1985 294 2040 δέ
305 1985 349 2041 καί
361 2005 464 2059 φεσγων
476 1980 537 2048 τοὺς
549 1980 713 2056 ἐπιβολτας,’
691 2005 726 2048 εις
739 1979 787 2052 τήν
794 1979 891 2038 θοίλυο

115 2092 166 2126 σαν
180 2069 310 2136 είςιιίιττει,
321 2069 366 2124 καί
377 2067 538 2143 παραχρῆμα
552 2062 702 2127 ἀπόλλυται.
730 2063 745 2125 ὅ
759 2067 844 2123 τοίνυν
855 2076 892 2134 Ζη

113 2149 236 2225 νόθεμις,
251 2149 266 2208 ὃ
279 2147 411 2217 κοινωνός,
423 2148 458 2214 ὥς
470 2173 549 2221 φησιν
563 2148 578 2209 ὅ
591 2147 683 2226 ῥήτωρ,
698 2150 744 2209 τοῧ
756 2143 891 2224 Ἠγεστροί

114 2257 174 2301 του,
192 2232 266 2308 μόλις
280 2237 413 2302 σωθείσης
427 2233 462 2297 εἰς
471 2229 587 2302 Ἀθήνας
600 2234 646 2302 τῆς
657 2229 734 2301 νεαίς,
751 2227 892 2306 ήμφισβήτε

114 2320 161 2373 τοῦ
175 2320 257 2382 σίτου,
270 2320 348 2391 λέγων
361 2312 425 2372 εἶναι
437 2320 482 2373 τὸν
496 2322 568 2373 σῖτον
574 2312 762 2390 Ἡγεστράτου,
775 2314 892 2372 ἐκεῖνονδ

114 2394 177 2474 παρ’
193 2400 287 2455 ἑαυτοῦ
301 2401 469 2456 δεδανεῖσθαι
479 2395 610 2474 χρήματα.
637 2395 779 2455 ἐνστάντων
795 2399 822 2453 δέ
835 2393 892 2452 αὗτι

87 2507 105 2546 -ς
114 2484 162 2539 τοῦ
177 2503 205 2538 τε
216 2479 331 2554 Προίτου
344 2485 388 2539 καί
401 2483 447 2539 τοῦ
460 2479 596 2555 Δήμωνος,
610 2477 765 2555 ἀμφοτέροις
778 2481 853 2552 ἔλαχε
868 2480 892 2535 δι1

115 2588 162 2633 τήν
176 2561 326 2639 ἐμπορικήν,
344 2567 388 2621 καὶ
404 2563 450 2622 τὸν
461 2567 574 2640 Πρῶτον
586 2570 612 2630 ἐξ
625 2560 719 2638 ἐρήμης
731 2562 793 2621 ε’λών
805 2559 892 2620 ἑκόντα

114 2646 151 2714 ὥς
163 2670 229 2723 φησι
239 2651 419 2721 Δημοσθένης,
432 2648 476 2704 καὶ
489 2649 744 2723 σογιιαιιουργοῦντα,
755 2644 849 2722 εἷςοίγει
863 2669 892 2701 ιια
