1972 3114
125 240 159 292 36
383 240 663 288 ΔΗΜΟΣΘΕΝΟΥΣ
866 251 889 294 55

186 341 233 406 Ὦς
248 343 294 415 μέν
307 336 432 398 τοίνυν
405 365 435 397 ου
449 337 522 439 παρά
536 337 637 404 πάντας
648 337 708 404 τοὺς
720 335 817 412 νόμους
833 362 889 410 φαν

127 425 176 500 ράς
188 427 304 523 γέγραφα
318 420 347 480 τὸ
359 420 484 497 ψήφισμα
496 419 701 526 Ἀριστοκράτης,
715 417 761 479 οὐκ
774 425 889 494 σιὀμαιλ

125 529 180 583 γειν
193 503 273 563 αὐτὸν
286 507 360 570 6st
377 503 426 576 ηδη
439 506 466 561 δέ
477 528 534 562 τινα
546 501 653 572 ειδον,’
635 528 655 559 ω
655 501 777 606 ἄνδρες
770 508 889 572 Αθηναῖι

125 587 229 665 γραφὴν
243 585 425 664 ἀγωνιζόμενον
436 585 607 663 παρανόμων,
626 592 680 651 τοῒς
697 584 785 660 νόμοις
796 589 843 660 μέν
856 584 889 640 ἆλ

127 669 264 746 σκόμοναν,
282 669 317 736 ὦς
330 673 357 726 66
370 666 559 744 συμφέρονθ’(
544 676 603 743 υμῖν
616 673 747 771 γέγραφε,
765 673 870 744 λέγειν’
857 691 889 724 επ

123 755 268 830 χωροῦντα,
282 756 326 810 καὶ
339 751 421 828 ταάτη
435 750 589 826 βιαζόμενον,
599 749 690 859 οὗήβη
696 755 741 826 μέν
742 794 749 819 ,
759 748 838 824 οἶμαι,
845 753 889 825 μάλ

127 832 211 893 λονό
228 832 320 904 άναιιλῆ
331 833 482 937 λόγον’(
438 835 460 890 εί
472 842 533 906 (6⁵4)
546 833 599 910 γάρ
613 837 658 892 και
670 858 737 891 κατα
726 831 832 890 ταλλα
844 857 889 889 παι

126 942 160 974 τα
172 921 295 991 συμφέρει
308 915 340 974 τά
356 919 484 993 εἰρημένα,
506 909 524 992 ᾗ
541 940 573 993 γε
589 914 758 992 ὀμωμοκότας
772 915 839 973 κατά
853 915 889 973 τοι

127 999 222 1075 νόμους
236 997 373 1057 δικάσοιν“
358 1003 427 1075 υμᾶς
439 997 509 1067 ιἰξιοῖ
524 1004 630 1100 κυροάιν,
654 1025 671 1056 α
658 996 748 1073 ‘6216’
766 996 844 1063 αὐτὸς
863 1000 889 1070 έχ

127 1085 229 1147 δικαίως
242 1085 322 1149 δειξαι
332 1087 509 1159 γεγραμμένα,
509 1080 675 1189 άράμφορον
688 1081 721 1139 ἂν
734 1087 785 1154 ειη,
799 1087 869 1156 ειπερ
881 1104 889 1137 ι

127 1164 240 1269 εὐορκεῖν
260 1168 345 1242 περι.
338 1170 460 1225 πλείστου
483 1168 565 1223 πάσίν
584 1173 639 1224 ἐστι
659 1169 788 1236 ποιητέον
812 1161 842 1222 06
863 1187 889 1238 μι

127 1245 211 1306 ἀλλ”
196 1271 246 1320 εχει
258 1247 315 1306 τινά
329 1248 426 1323 άμωςη
416 1246 603 1306 ‘drumm‘
568 1272 634 1319 αυτη
648 1247 733 1324 λόγον.
763 1245 845 1320 τούτῳ
855 1268 888 1304 το

125 1355 170 1388 νυν
188 1328 244 1388 οὐδ’
262 1325 336 1397 οὗτος
353 1335 452 1389 ἐνέσται
467 1331 533 1407 πρὸς
548 1331 617 1407 ὑμᾶς
635 1330 649 1388 6
668 1329 757 1406 λόγος·
780 1329 848 1387 οὕτω
858 1328 889 1404 γέ

126 1411 230 1490 σφόδρα
242 1418 356 1472 ἐναντίον
373 1411 403 1472 ὃν
420 1421 473 1480 τοῖς
493 1413 581 1489 νόμοις
600 1413 630 1472 τὸ
651 1411 776 1490 ψήφισμα
782 1455 789 1479 ,
815 1415 889 1485 μάλλι

127 1493 282 1572 ἀσύμφορόν
299 1504 379 1564 ἐστιν,
395 1495 414 1566 ἢ
431 1495 590 1574 παράνομον.
625 1495 751 1571 βούλομαι
764 1493 789 1552 δ’
805 1493 855 1566 ἤδη
868 1519 889 1552 ια

125 1576 202 1636 τοῦθ’
217 1577 278 1653 υμῖν
289 1577 462 1638 ἐπιδεικνύναι.
491 1583 534 1638 ἵνα
547 1581 575 1637 δὲ
586 1577 622 1646 ὦς
635 1577 676 1636 διά
690 1576 854 1655 βραχυτάτου
867 1583 889 1635 λι

124 1684 175 1736 γου
188 1663 272 1730 δῆλον,
295 1659 309 1718 6
323 1659 455 1735 βούλομαι,
475 1660 584 1732 ποιήσω,
603 1660 771 1738 παράδειγμά
783 1686 807 1719 τι
818 1658 888 1737 γνάρ

124 1766 176 1816 μον
188 1744 270 1800 πάσιν
282 1742 341 1842 ὖμῒν
354 1747 409 1819 ἐρῶ.
435 1743 504 1813 ἴσθ’,
517 1745 558 1803 ὅτι
571 1749 692 1846 συμρὲρει
704 1749 736 1820 τῇ
749 1742 835 1811 πόλει,
848 1743 889 1818 μη

128 1827 256 1900 Θηβαίους
268 1848 332 1900 μητο
344 1827 689 1930 Λακεδαιμονίουςίσχάειν,
713 1825 778 1884 ἄλλά
797 1833 850 1892 τοῖς
866 1851 889 1900 μ

129 1912 233 1974 Φωκέας
247 1905 414 1976 ἀντιπάλους,
427 1934 481 1975 τοις
493 1907 518 1966 6
534 1909 625 1975 άλλους
637 1909 707 1976 τινάς
720 1908 796 1968 εἶναι
819 1917 846 1967 ἐκ
849 1909 889 2010 376

125 2016 172 2051 του
159 1989 266 2049 ταῦθ’
283 1991 364 2094 ρῦτως
377 1995 453 2065 έγοιν,
470 1992 530 2068 ὑμῖν
546 1991 668 2069 ὑπάρχει,
686 1997 817 2093 μεγίστρις
831 1993 889 2050 οὖσι

127 2073 294 2148 άσφαλῶς’
270 2082 353 2134 οικεῖν.
386 2078 464 2134 τοῦτο
481 2079 565 2135 τοίνυν
582 2081 693 2151 νομίζετε
710 2074 789 2134 ταύτὸ
802 2078 847 2133 καὶ
860 2099 888 2132 το

58 2197 60 2201 -
127 2156 333 2236 Χεῤῥάνησον’
309 2183 409 2217 οικουσι
421 2161 472 2217 τῶν
484 2162 594 2218 πολιτῶν
611 2163 754 2236 συμφέρειν,
765 2160 861 2233 μηδένα
876 2181 887 2214 ι

124 2265 168 2298 ναι
180 2243 231 2299 τῶν
246 2243 354 2318 Θρᾳκῶν
367 2240 484 2319 ἰσχυρόν·
500 2241 517 2313 6
531 2241 584 2318 γάρ
597 2247 696 2301 ἐκείνων
707 2241 774 2318 πρὸς
788 2239 889 2311 άλλήλοι

125 2322 226 2400 ταραχὴ
240 2327 285 2380 καὶ
301 2324 416 2403 ὑποψία,
437 2324 540 2402 φρουρά
554 2323 720 2403 Χερρονήσου
735 2328 845 2400 μεγίστη
863 2326 889 2380 τά

124 2410 218 2464 πασῶν
230 2411 296 2474 ἐστί,
310 2411 354 2466 καί
366 2407 526 2484 βεβαιοτάτη.
556 2408 586 2467 τὸ
599 2413 682 2466 τοίνυν
693 2405 819 2485 ψήφισμα
833 2430 889 2465 τουι

124 2491 160 2563 τῷ
174 2493 220 2564 μέν
231 2487 362 2566 ἡγουμένῳ
375 2495 425 2550 τῶν
433 2493 632 2568 Κερσοβλέπτου
645 2488 806 2567 πραγμάτων
820 2487 889 2562 άσφο

125 2577 195 2629 λειαν
213 2569 293 2640 διδόν,
321 2580 374 2639 τοῖς
391 2577 418 2632 66
435 2577 485 2633 τῶν
501 2579 590 2651 ἑτέρου
612 2576 735 2649 βασιλέων
757 2595 889 2648 στρατηγο

124 2655 208 2728 φόβον
221 2658 265 2713 καί
279 2658 346 2725 δέος,
367 2656 404 2732 μή
420 2654 463 2714 τιν’
480 2657 566 2714 αἰτίαν
578 2659 666 2730 ἔχωσι,
687 2654 830 2732 παριστάν,
852 2678 889 2713 τοι

121 2745 170 2811 μὲν
190 2736 326 2808 άσθενοῖς,
348 2738 393 2798 τὸν
410 2737 447 2809 δ’,
470 2740 513 2797 ἕνα
528 2737 603 2808 ὄντα,
626 2737 730 2816 ἰσχυρὸν
743 2742 889 2809 καθίστησι

13 2880 63 2938 Ι
