1972 3114
149 219 197 269 190
404 218 684 299 ΔΗΜΟΣΘΕΝΟΥΣ
889 233 937 276 827,

147 321 222 386 πίδης
233 320 333 394 ἔλαβον,
346 316 379 377 οῦ
392 321 594 396 προςμραφῆναί
603 345 694 392 φησιν,
713 317 774 378 οῦδὲ
785 319 816 378 τὸ
830 322 939 390 πλῆθος

146 405 192 473 τῆς
205 399 297 467 οῦσίας
315 401 345 460 τὸ
362 408 552 476 καταλειφθέν,
579 400 639 460 οῦδὲ
654 402 700 461 τὸν
717 399 788 460 οἷκον
807 402 877 467 ὅπως
893 426 936 475 μι-

148 484 316 543 σθώσαντα·
339 481 371 542 οῦ
393 483 446 562 μὰρ
469 483 539 560 αὐτῷ
563 490 686 562 συμφέρει
708 490 939 563 πρσςομολομήσαι

147 569 238 625 ταῦτα.
260 569 323 642 λαβὲ
336 566 368 638 δή
382 567 429 639 τήν
441 566 537 626 τοῦτου
553 566 697 645 ἀπόκρισιν.

454 689 629 761 (Μαρτυρία.)

209 823 271 888 (827)
292 807 373 883 Οῦτσς
391 808 425 874 αῦ
442 817 488 889 τήν
504 823 551 891 μὲν
567 817 698 888 διαθήκην
715 822 843 894 γενέσθαι
864 822 938 890 φησί,

147 902 191 956 καί
208 899 238 957 τῦ
258 896 382 976 ιῖρμῦριον
400 907 427 958 ἐκ
439 903 485 958 τοῦ
495 904 594 974 χαλκοῦ
609 903 652 958 καί
665 903 710 972 τῆς
722 902 823 971 κηκῖδος
835 895 936 956 αἰποδο-

148 985 232 1053 θήναι
246 985 280 1057 τῷ
293 985 447 1059 Θηριππίδη,
461 982 476 1041 ῦ
490 990 584 1050 ἐκεῖνος
596 982 628 1042 οῦ
639 1008 712 1058 φησι,
725 986 769 1040 καί
782 981 814 1040 τῦ
829 980 875 1038 δῦο
889 981 936 1038 τά·

148 1071 228 1123 λαντα
243 1089 277 1121 τω
264 1067 453 1141 Δημοφῶντα
469 1088 529 1141 περι
520 1069 616 1123 δὲ
582 1091 633 1125 των
647 1066 716 1165 αῦτιρ
707 1069 862 1137 δοθέντων
870 1089 936 1140 μρα-

147 1151 284 1223 φήναιμὲν
297 1172 388 1222 φησιν,
403 1145 450 1221 οῦχ
464 1146 665 1227 ῦμολομήσαιδ’
681 1145 771 1216 αῦτός,
785 1151 827 1205 ἵνα
841 1147 876 1222 μή
892 1150 936 1204 δο-

148 1257 179 1307 κῃ
168 1233 290 1305 λαβεῖν.
326 1230 355 1289 τὸ
374 1234 402 1288 δι’
419 1234 568 1304 πλῆθος
538 1256 584 1303 της
597 1230 689 1296 οῦσίας
703 1228 761 1289 οῦδ)
778 1221 853 1295 οῦτος
869 1227 936 1286 ῦπο-

149 1318 234 1388 φαίνοι
247 1311 379 1382 καθόλου,
398 1311 496 1371 οῦδὲ
470 1340 500 1373 το
513 1313 671 1390 μισθοῦν
645 1338 690 1372 τον
703 1312 784 1371 οἷκον·
813 1310 917 1370 οῦδὲ
886 1337 938 1388 μαρ

149 1395 209 1454 οῦδὲ
232 1395 316 1471 τούτῳ
339 1402 462 1482 συμφέροι
484 1399 713 1474 προςομολομήσαι
735 1398 826 1454 ταῦτα.
862 1397 941 1466 δῆλον

148 1484 232 1537 τοίνυν
251 1453 321 1537 ἐστίν
339 1478 443 1537 οὐδέν’
432 1504 507 1551 ήττον
524 1505 554 1581 τρ
543 1479 720 1552 πλῆθος
686 1504 736 1537 των
748 1482 938 1551 καταλειφθεν-

149 1586 207 1630 των,
215 1567 307 1638 καίπερ
317 1559 491 1635 ἀφανιζόντων
504 1562 601 1622 τούτων
611 1563 658 1635 τήν
671 1564 764 1621 αῦσίαν
776 1569 803 1620 ἐκ
817 1565 867 1619 τῶν
881 1564 938 1618 δια-

149 1649 252 1715 θητῶν,
273 1637 338 1711 ἐξ
319 1669 354 1703 ων
372 1648 490 1703 τοσαῦτα
499 1645 624 1722 χρήματα
639 1644 756 1717 ῦλλήλοις
767 1670 839 1720 φασι
831 1647 937 1715 δοθῆ-

148 1751 198 1786 ναι.
215 1727 281 1793 ῦςτις
293 1727 346 1805 μὰρ
359 1735 385 1785 ἐκ
398 1751 524 1805 τιτταρων
539 1728 670 1787 ταλάντου
683 1752 726 1786 και
718 1730 877 1805 τριςχιλίων
887 1734 940 1792 τοῖς

148 1814 194 1885 μὲν
207 1813 265 1886 τρία
283 1808 398 1869 τάλαντα
417 1836 461 1869 και
452 1814 598 1885 διςχιλίας
616 1818 712 1888 προῖκα
731 1814 834 1879 δέδωκε,
856 1812 891 1885 τῷ
912 1807 937 1866 δ’

149 1891 322 1968 ἑβδομήκοντα
335 1895 403 1969 μναῖς
416 1897 603 2002 καρποῦσθαι,
625 1893 738 1970 φανερὸν
752 1893 889 1965 δήπου
850 1917 939 1960 πασιν,

150 1975 191 2034 ότι
204 1973 251 2057 οῦκ
264 1973 318 2034 ῦπῦ
331 1975 424 2053 μικρὰς
437 1974 536 2046 οῦσίας,
551 1975 617 2035 ἀλλὰ
631 1976 735 2048 πλέονή
729 1976 922 2044 διπλασίας,’
909 1999 940 2077 ής

149 2063 206 2135 ἐμοὶ
224 2063 354 2127 κατέλιπε,
376 2063 442 2118 ταῦτ
440 2056 574 2134 ’ἇφιῖλιν
610 2058 641 2119 οῦ
660 2059 713 2138 γὰρ
732 2058 858 2131 δήπου
833 2083 877 2117 ταν
895 2063 940 2132 μὲν

149 2141 204 2202 υἶὸν
217 2146 260 2218 ἐμὲ
272 2147 367 2214 πένητα
379 2139 502 2217 ήβοῦλττο
516 2149 673 2212 καταλιπεῖν,
687 2141 796 2208 τοῦτους
809 2145 842 2209 δι’,
856 2147 937 2198 πλου-

150 2223 258 2289 σίους’
244 2248 333 2293 σντας,
358 2227 393 2283 ἔτι
408 2231 620 2336 πλουσιωτέρους
637 2227 747 2297 ποιήσαι
765 2223 939 2299 ἐπιθῦμησιν,

151 2304 234 2364 ῦλλ“
220 2330 291 2366 ινικα
304 2331 350 2365 του
338 2307 533 2379 πλήθους
499 2333 549 2368 των
564 2317 620 2386 ἐμοι
611 2311 865 2382 καταλειπομέναν,
886 2316 938 2376 Θη-

151 2392 258 2467 ριππίδῃ
270 2412 297 2445 τε
311 2394 436 2449 τοσοῦτον
450 2389 586 2493 ἇρμῦριον,
611 2417 655 2450 και
647 2394 824 2500 Δημοριῦντι
841 2388 875 2447 τὰ
893 2387 939 2446 δύο

150 2471 277 2539 ταλαντα,
296 2469 369 2529 σῦπω
381 2478 537 2547 μέλλοντι
506 2501 538 2551 τῃ
552 2473 697 2550 ῦδελφῆ
665 2499 697 2551 τῃ
712 2477 759 2550 ἐμῇ
773 2471 939 2543 συνοικήσειν,

151 2557 325 2631 καρποῦσθαι
338 2556 467 2625 ίδωιιον,“
456 2582 497 2615 ινα
511 2560 581 2616 δυοῖν
593 2557 711 2634 θάτερον
724 2553 941 2663 διαπράξαιτσ’“
904 2598 911 2622 ,
924 2578 940 2623 ή

152 2637 194 2696 διὰ
207 2662 240 2696 τα
231 2635 375 2711 διδόμενα
389 2640 502 2713 βελτίους
515 2638 611 2706 αῦτοῦς
624 2637 687 2698 εἶναι
700 2642 759 2716 περὶ
772 2638 818 2708 τήν
836 2646 939 2713 ἐπιτρο-

151 2721 202 2792 πήν
213 2724 392 2799 προτρέψειεν,
409 2719 426 2794 ή
432 2765 439 2790 ,
458 2724 480 2780 εί
492 2725 567 2781 κακοὶ
578 2726 708 2800 γίγνοιντο
713 2765 721 2791 ,
737 2723 862 2798 μηδεμιᾶς
875 2743 940 2795 σομ·
