1972 3114
166 229 214 279 252
420 229 702 279 ΔΗΜΟΣΘΕΝΟΥΣ
908 237 956 285 86.

167 331 344 403 δικαζομένους
358 325 452 395 όιδίκως
460 332 650 406 ἐγκαλοῦντας,
667 353 712 387 και
703 329 808 387 ἐπὶ
776 353 808 404 τῃ
822 323 957 430 προφάσει

166 414 212 509 166
235 409 430 488 ἐμπορεύεσθαι
452 415 687 485 συκοφαντοῦντας.
721 411 735 470 6
755 415 801 486 μὲν
823 434 869 469 ουν
885 433 957 517 μετα

166 492 260 552 τούτου
272 517 318 569 μοι
329 496 399 569 ἐπιβε
388 494 554 569 εβουλουκώς,
576 493 677 552 καὶτὸν
690 491 778 570 οἰγῶνα
791 496 894 552 τουτονὶ
906 517 956 550 κα·
984 536 986 569 ,

166 575 340 644 τεσκουοκιίς,
366 575 503 652 προϊόντος
529 578 577 635 τοίι
601 575 694 652 λόγου,
720 574 873 650 καταφανὴς
897 575 958 650 ὑμῖν
981 600 986 672 γ

167 662 253 718 ἔσται·
276 662 445 758 ἐγκαλρδντος
463 661 491 716 δι’
505 682 550 733 μοι
557 657 730 764 Ἀπατουρίου
746 683 779 716 τα
770 657 892 761 ιγευδῆ,
912 659 957 716 καὶ
979 681 986 735 j

167 740 241 841 παρὰ
259 765 319 807 ταις
334 740 430 815 νόμους
448 744 622 841 δικαζομένου,
644 767 689 799 και
708 739 759 800 όσα
775 744 820 816 μὲν
838 743 906 846 ἐμρὶ
912 742 956 797 καλ
977 764 986 818 6

168 823 251 898 τούτῳ
264 827 361 899 ἐγένετο
375 823 536 900 συμβόλαια,
553 823 657 882 πόντων
669 820 820 900 ἀπαλλαγῆς
834 826 880 880 καὶ
891 821 953 897 666-

169 929 234 971 σεως
249 911 396 982 γενομένης,
422 905 501 966 ἄλλου
519 909 546 964 δί
563 904 767 982 66666'6'
739 931 786 965 ουιι
805 904 879 971 ὄντος
901 907 955 980 ἐμοί
985 913 986 916 ’

167 988 234 1066 πρός
247 1013 338 1047 τουτον
344 1014 400 1058 ,
369 987 428 1047 σι’ίτε
440 991 562 1048 ναυτικοῦ
576 988 621 1048 661
620 987 762 1065 ’ἐγγαίου,
779 986 980 1088 παρεγραψοί-

168 1096 217 1146 μην
234 1070 280 1142 τὴν
298 1075 368 1144 δίκην
384 1071 420 1148 μὴ
437 1070 605 1149 ειςαγαίγιμον
622 1069 687 1130 εἶναι
703 1070 772 1130 κατὰ
789 1069 850 1137 τοὺς
863 1068 981 1144 νόμους·

169 1158 296 1212 τουτουσί.

502 1253 621 1330 (Νόμοι.)

228 1404 273 1470 Ὡς
287 1408 371 1463 τοίνυν
383 1403 456 1481 παρὰ
469 1402 530 1471 τοδς
540 1402 634 1481 νόμους
646 1400 788 1469 τοιίτουςι
766 1404 848 1474 εἶλιγέ
854 1425 898 1475 μοι
912 1399 956 1470 τὴν

171 1485 257 1558 666³
251 1486 430 1563 Απατοόριος,
445 1490 489 1546 και
501 1511 535 1544 τα
525 1487 638 1588 ψευδη
644 1491 828 1563 ἐγκίκληιιεν,ἐ
816 1485 957 1542 ἐκπσλλῶν

168 1570 227 1644 δμῖν
241 1567 309 1628 τοῦτ’
326 1573 447 1636 ἐπιδείξω.
483 1569 540 1678 ἐγὼ
544 1568 604 1647 γάρ,
618 1594 639 1627 ω
626 1559 743 1646 ανδρες
755 1569 889 1635 δικασται,
906 1589 956 1623 πο·

169 1651 214 1709 λδν
231 1651 280 1724 666
295 1651 390 1729 χρόνον
407 1655 449 1710 ἐπί
464 1657 510 1724 τῆς
527 1656 652 1754 ἐργασίας
664 1651 699 1709 ὢν
712 1651 757 1722 τῆς
769 1674 836 1707 κατα
826 1647 957 1708 θόλατ

170 1756 230 1800 ταν,
247 1739 318 1840 μέχρι
335 1739 380 1810 μίν
396 1759 463 1800 τινας
481 1732 560 1801 αιίτός
579 1733 746 1807 ἐκινδυνευον
774 1731 847 1790 0666
869 1728 930 1788 6'”
915 1753 959 1802 ατη

171 1819 240 1874 ἐστίν
252 1815 330 1885 δπτοί,
349 1814 393 1891 ἇφ
410 1808 440 1875 06
453 1816 482 1874 τδ
495 1820 540 1892 μὲν
552 1822 624 1874 πλεῖν
637 1821 809 1882 καταλέλυκα,
826 1818 915 1890 μέτριοι
929 1810 955 1868 δ’

172 1902 242 1971 ἔχων,
256 1897 357 1964 τούτοις
368 1901 494 1974 πειρῶμαι
506 1907 633 1965 ναυτικοῖς
644 1898 814 2006 ἐργρίζεσθαι.
829 1895 871 1954 διδ
886 1892 954 1953 δὲ
928 1919 958 1953 το

172 1980 290 2056 ἀφῖχθαι
302 1981 460 2054 πολλαχόσε,
475 2006 519 2039 και
510 1982 614 2040 διδ
587 2007 617 2040 το
633 1979 700 2039 εἷναί
708 2004 752 2055 μα
765 1979 814 2045 τὰς
826 1975 959 2055 διατριβὰς

171 2067 231 2140 περὶ
248 2064 279 2123 τό
302 2063 436 2140 ἐμπόριον,
462 2069 592 2141 γνωρίμως
613 2067 662 2138 666
682 2069 736 2130 τοῖς
757 2065 887 2127 πλείστοις
908 2061 959 2118 τῶν

171 2145 299 2205 πλεόντων
317 2144 363 2216 τὴν
381 2144 533 2205 θάλατταν
555 2145 656 2212 τούτοις
669 2149 696 2204 δὲ
709 2152 763 2212 τοῖς
774 2153 802 2204 ἐκ
814 2147 960 2212 Βυζαντίου

172 2231 216 2286 καί
232 2227 302 2287 πόιυ
320 2231 417 2296 οἰκείως
431 2232 546 2331 χρῶμαι,
565 2228 651 2287 διδ
625 2254 656 2287 το
675 2231 836 2307 ἐνδιατρῖψαι
849 2224 958 2286 αιἰτόθι.

172 2313 273 2382 ἔχοντος
287 2314 315 2369 δι’
322 2335 374 2385 μου
387 2312 466 2378 οὕτως
479 2312 513 2378 ὧς
524 2316 600 2388 λέγω,
618 2319 681 2384 (64)
694 2316 869 2370 κατέπλευσαν
884 2312 960 2385 δοῦρα

172 2397 256 2466 τρίταν
270 2396 326 2460 ἔτος
338 2395 413 2462 αιἰτός
425 2419 452 2453 τε
465 2420 510 2453 και
501 2393 668 2466 πολίτης
638 2399 720 2452 αυτοῦ
732 2398 888 2493 Παρμενορν,
902 2403 959 2450 Βυ-

173 2474 272 2542 ζόντιος
288 2479 334 2583 μέγ
352 2477 382 2535 τό
395 2482 475 2554 γένος,
475 2475 617 2586 ῒφυγίιςδε
633 2483 742 2535 ἐκεῖθεν,
776 2475 963 2552 προςιόντιςδί

172 2580 216 2630 μοι
231 2562 303 2615 ἐν
269 2581 303 2633 τῳ
318 2565 443 2637 ἐμπορίῳ,
458 2551 533 2626 οὗτος
545 2562 589 2618 καί
603 2559 617 2618 6
631 2564 776 2636 Παρμένων
788 2557 961 2634 ἐμνήσθησαν

173 2662 233 2715 περι
224 2637 379 2717 ἀργυρίου.
413 2645 484 2716 ἔτυχε
501 2643 574 2699 δὲ
544 2667 636 2701 ουτοσι
626 2640 760 2717 ὀφείλων
774 2643 860 2699 ἐπί”
829 2666 860 2717 τῃ
874 2644 917 2712 κηι
928 2644 960 2716 τῇ

175 2721 255 2781 66106
273 2722 463 2802 τετταράκοντα
479 2729 557 2801 μνᾶς,
576 2751 620 2784 και
638 2727 664 2784 οἱ
678 2727 792 2802 χρῆσται
804 2721 961 2801 κατήπειγον

40 2870 208 2928 Α
