1972 3114
95 213 144 263 226
348 215 629 264 Δειιοεοειιοιι
838 229 887 272 ιιι.

94 323 121 374 ἐν
139 309 176 380 οἷς
193 316 237 372 καί
252 312 412 390 Τιμοκράτης
429 317 474 372 καὶ
482 312 592 390 Ὀνήτωρ
610 312 705 385 ταύτην
722 315 821 387 ἒγσντες
834 315 885 371 διε-

94 402 199 457 τέλεσαν
215 422 261 468 την
277 395 400 455 διανοιαν.
434 395 567 472 τεκμήριον
586 399 613 454 δὲ
631 395 735 456 πόντον
750 401 884 472 μέγιστον·

96 473 170 546 οιλτος
187 480 240 557 γὰρ
258 477 395 581 ηβοιιλήιλη
412 483 458 554 μὲν
468 478 588 584 Ἀφόίλιρ
596 479 731 538 δοιλναι
704 504 749 551 την
764 475 884 554 ἀδελφήν,

96 565 161 639 ὁρῶν
178 567 223 635 της
240 587 267 621 τε
286 559 366 621 αιἰτοῧ
384 560 509 639 πατρῴας
527 559 618 628 ουσίας
636 564 742 633 καὶτῆς
760 565 820 636 ἐμῆς
838 560 886 620 οίκ

95 616 224 746 όλίγης’
194 645 273 746 αρτόν
286 644 372 722 κόριον
384 650 561 722 γεγενημένον·
575 649 711 722 προέσθαι
723 652 785 718 (866)
799 644 866 702 δὲ
839 669 886 715 την

60 726 178 827 ’πρρῖιί
194 725 247 828 οὖν)
254 727 444 796 ἐπίστευσεν,
428 728 511 836 ω’ςιιερ
523 729 546 785 ελ
559 727 593 785 τὰ
605 731 655 786 τῶν
667 726 886 806 ἐπιτροπευόντων

92 810 215 888 χρήματα
233 809 383 912 ἀποτίμημα
401 817 455 876 τοῖς
471 815 707 886 ἐπιτροπευομένοις
720 808 886 869 καθεσταναι

95 898 208 968 νομίζων.
244 891 355 950 αλλολ
328 919 374 966 την
390 897 436 1000 μὲν
446 891 567 997 ἆιλελφὴν
583 896 672 963 ἔδωκε,
691 893 737 964 τὴν
755 896 782 951 δὲ
794 891 882 995 προῒιί

97 975 166 1052 αὐτῷ
182 975 371 1078 Τιμοκρατης’
358 980 400 1034 επί
417 980 478 1035 πίντ
476 973 606 1051 ’ὀβολοῖς
625 973 768 1078 ὀφειλήσειν
785 975 884 1052 ὧμολο-

94 1082 205 1136 γησεν,
192 1083 211 1114 ιιι
221 1058 348 1136 πρότερον
360 1084 375 1131 η
388 1083 452 1135 γυνη
467 1061 623 1119 συνοικοῦσα
634 1058 778 1136 ἐτύγχανεν
792 1056 885 1134 δ’φλον-

95 1167 140 1208 τος
153 1144 182 1199 δέ
190 1166 235 1217 μοι
248 1141 292 1212 τὴν
308 1144 378 1214 δίκην
388 1140 548 1217 Αφόβου”
517 1166 564 1214 της
581 1145 732 1246 ἐπιτροπης,
750 1167 794 1200 και
786 1140 887 1201 οιλδίν

96 1228 194 1283 δίκαιον
205 1232 286 1283 ποιεῖν
295 1231 440 1294 ἐθέλοντος,
449 1224 601 1283 διαλύειν
570 1249 616 1300 μεν
627 1225 697 1301 ημᾶς
702 1223 813 1302 Ὀνήτωρ
827 1222 884 1283 ουδ’

96 1312 264 1384 ἐπεχείρησα,
279 1306 324 1366 οιλκ
339 1306 507 1375 ἀποδεδωκώς
521 1310 548 1366 δὲ
559 1307 605 1380 τὴν
617 1315 721 1385 προῖκα,
737 1306 789 1366 ἀλλ’
807 1305 887 1373 αὐτὸς

95 1391 182 1467 κόριος
194 1390 236 1460 ὧν,
251 1391 284 1456 ὦς
298 1389 497 1458 ἀπολελοιπυίας
509 1394 554 1463 τῆς
568 1388 688 1466 ἀδελφῆς,
702 1394 747 1450 καλ
758 1389 827 1459 δοιός,
840 1415 885 1448 κο-

95 1479 233 1550 μίσασθαι
257 1471 281 1530 (λ’
303 1499 333 1533 ου
356 1473 506 1575 διιναμενος,
533 1472 757 1551 ἀποτιμήσασθαι
773 1497 888 1580 φασκων

95 1581 142 1627 την
157 1582 219 1634 γην,
238 1556 338 1658 ἐξαγειν
355 1554 380 1632 μ’
397 1565 423 1625 ἐξ
441 1555 521 1634 αιλτῆς
533 1556 682 1657 ἐτόλμησεν·
704 1559 831 1616 τοσοῦτον
843 1581 888 1613 και

96 1644 159 1712 ἐμου
178 1643 223 1698 καὶ
239 1639 310 1715 υμῶν
329 1665 373 1697 και
391 1643 441 1698 τῶν
458 1644 574 1715 κειμένων
590 1640 675 1715 νόμον
688 1639 889 1746 ιιατεφρόνησεν.

96 1747 141 1779 και
153 1747 186 1779 τα
175 1726 247 1830 μὲιι
264 1722 401 1798 γενόμενα,
421 1722 551 1780 ιιαίδιΜ
534 1750 551 1780 α
554 1723 671 1800 φεύγει
676 1748 722 1826 την
736 1725 821 1798 δίκην,
844 1724 889 1779 καί

95 1808 155 1880 περὶ
168 1798 203 1864 ὧν
217 1811 300 1864 οίσετε
312 1805 357 1877 τὴν
369 1809 467 1913 φῆφον,
486 1808 551 1864 ταῦτ
548 1803 655 1874 ἐστίν,
676 1831 696 1864 ω
682 1794 800 1907 ανδρες
814 1808 887 1863 δικα-

98 1892 170 1988 στοιί
188 1893 332 1989 παρέξομαι
346 1891 373 1946 δὲ
384 1897 526 1966 μάρτυρας,
539 1892 699 1966 πρῶτονμὲν
713 1887 793 1947 αιίτδν
808 1901 887 1962 Τιμο-

97 1995 204 2048 κρατην,
226 1971 261 2037 ὦς
278 1970 444 2048 ὡμολόγησεν
462 1969 645 2045 ὀφειλήσειν
618 1996 665 2042 την
677 1978 773 2048 προῒκα
786 1975 830 2029 καὶ
843 1969 889 2029 τόν

96 2053 173 2114 τόκον
192 2052 315 2113 ἀπεδίδου
334 2058 379 2126 τῆς
397 2054 505 2131 προικός
519 2051 620 2130 Ἀφόβηι
639 2055 708 2113 κατὰ
725 2053 772 2120 τὰς
792 2054 887 2128 ὁμολο-

96 2142 167 2214 γίας·
191 2135 274 2196 ἔπειθ’
296 2137 331 2204 ὥς
354 2134 432 2203 αὐτὸς
449 2136 564 2213 Ἄφοβος
584 2136 710 2214 ὡμολόγει
732 2142 889 2212 κομίζεσθαι

96 2219 142 2277 τὸν
159 2219 235 2278 τόκον
252 2219 326 2297 παρὰ
342 2219 527 2298 Τιμοκράτους.
550 2225 596 2278 καί
610 2244 655 2295 μοι
673 2223 735 2297 λαβὲ
753 2219 801 2286 τὰς
818 2244 888 2296 μαρ-

97 2326 192 2378 τυριας.

403 2408 586 2480 (Μαρτυρίαι.)

159 2546 233 2616 Ἐξ
219 2554 299 2626 αρλῆς
316 2556 362 2628 μὲν
378 2558 462 2612 τοίνυν
479 2553 642 2630 όμολογειται
659 2579 694 2629 μη
713 2555 828 2624 δοθηναι
844 2552 890 2623 τὴν

99 2639 203 2708 προῖκα,
217 2636 280 2707 μηδε
291 2635 463 2736 γενέσθιιιι’
432 2661 518 2735 κυριιιν
531 2661 611 2708 αυτης
618 2636 737 2740 Ἆφοβ.
773 2639 850 2708 δῆλον
863 2638 891 2693 δὲ

100 2719 145 2774 καὶ
158 2723 184 2774 ἐκ
199 2720 249 2775 τῶν
262 2716 378 2789 εἰκότων,
398 2719 438 2778 ὅτι
450 2718 547 2778 τούτων
559 2717 630 2792 ἕνεχ’,
648 2745 683 2780 ων
696 2727 798 2799 εἴρηκα,
817 2718 890 2795 ὀφεί-

24 2870 211 2938 ,Α
