1972 3114
154 113 203 160 176
392 103 703 176 [ΔΗΜΟΣΘΕΝΟΥΣ]
890 127 937 171 867,

153 236 203 270 των
221 209 346 278 ύπονοίας
363 207 647 283 66666'66166666'60
664 209 851 270 πολιτεύεσθαι
863 211 938 288 παρὰ

153 319 208 360 τοις
220 298 352 352 επιεικεσιν
362 318 433 369 υμων
444 298 520 352 ἐστιν
547 285 651 352 εἶδ’
622 318 667 352 ουν
680 318 727 352 τινι
718 290 816 352 τουθ
830 293 940 369 ύμῶνίν

153 376 234 453 ἡδονῇ
253 379 419 452 συμβέβηκεν,
446 373 492 435 ούιι
511 373 656 478 ἀπορήσετε
674 379 724 434 τῶν
741 379 850 435 τοιαῦτα
862 402 938 448 ποιη-

154 458 259 528 σόντων,
273 461 327 517 ἐπεὶ
339 462 383 516 καί
396 462 441 517 νῦν
451 457 547 534 μεστὸν
557 483 587 517 το
579 456 656 535 Ιβῆμ
671 463 747 517 ἐστίν.
775 456 804 518 66
816 457 869 535 γὰρ
882 467 938 517 ἐπι-

153 544 230 617 τιμᾶν
242 547 296 608 τοῖς
308 543 560 618 συμβεβουλευμένοις
569 539 691 614 χαλεπόν,
702 538 768 600 ἀλλὰ
781 543 880 616 συμβου
880 545 938 599 λεῦ-

155 649 201 682 σαι
214 649 256 723 κρι
249 626 361 682 πεῖσαί
370 648 395 682 τι
406 627 457 682 τῶν
468 621 602 682 δεόντωνι
588 626 656 698 υμᾶς
668 626 852 701 ψηφίσασθαι
871 623 939 700 πρὸς

154 709 182 763 δέ
194 704 306 775 τούτοις,
325 708 347 765 εί
362 709 408 781 μέν
423 706 459 781 μὴ
477 705 659 808 καὶπρότερον
671 713 725 808 τρῖς
737 703 824 771 αὐτοῖς
837 703 939 772 τούτοις

151 787 282 865 χρώμενος
298 787 382 866 λύγοις
401 787 591 861 666666666‘
575 792 656 863 υμᾶς,
682 786 717 847 ὅτ
733 786 878 866 ἠγωνίσατο
891 788 939 889 666

153 875 280 948 προτέραν
293 863 441 940 ἔνδειξιν,
426 895 457 943 66
468 875 513 948 μέν
526 869 625 930 ούδ’“
600 872 668 930 ούτω
681 873 780 929 δίκαιον
791 870 864 948 παρὰ
876 871 940 938 τούς

153 952 319 1030 δποίρχοντας
335 953 428 1027 νόμους
438 979 463 1012 τι
475 961 628 1032 συγχωρεῖν,
650 951 692 1026 (ού
705 952 787 1012 δεῖ
754 977 808 1031 γαρ
819 978 938 1054 παρανο-

152 1043 208 1112 μεῖν
227 1035 320 1103 δόντας
336 1040 389 1096 τισί
405 1036 465 1103 τούς
483 1035 576 1104 ἄλλους
589 1036 656 1095 κατὰ
669 1037 729 1104 τούς
741 1035 836 1139 νόμορς
849 1034 939 1104 ἀξιοῦν

153 1117 299 1196 πρύττειν,)
325 1117 355 1178 ού
366 1119 417 1194 μὴν
435 1117 519 1178 0¹66*
505 1144 567 1186 ισως
580 1143 610 1196 γε
623 1118 821 1197 εὗλογοίτερον
805 1144 838 1191 ην
850 1119 880 1178 τὸ
893 1145 938 1176 πι-

153 1203 263 1260 στεῦται
280 1227 324 1260 και
315 1205 570 1308 καταχαρίοαρθαι
583 1228 626 1261 και
619 1207 772 1307 προέσθαι
785 1227 809 1260 τι
821 1204 873 1260 τῶν
884 1226 938 1260 τοι-

154 1283 242 1343 ούτων
257 1282 341 1356 ἐπειδη
355 1284 424 1372 δέ’
394 1283 445 1343 τοτ’
458 1282 564 1359 ἀφέντες
577 1289 618 1344 έπι
632 1292 689 1351 ταῖς
697 1283 853 1388 μελλούσαις
866 1289 937 1343 ἐλπί-

154 1391 182 1426 σι
192 1365 282 1444 μιιιρόν
295 1362 404 1469 δοτερρν
416 1366 462 1425 τὸν
475 1365 553 1427 αύτὸν
566 1371 669 1440 τοῦτον,
687 1367 722 1434 ὦς
733 1365 881 1444 πράττοντα
896 1370 941 1424 καὶ

153 1455 260 1526 λέγοντα
273 1449 309 1524 μὴ
323 1449 356 1508 τὰ
370 1447 508 1526 ίίριστα
479 1475 514 1508 τω
502 1449 612 1527 δήμῳ,
631 1449 708 1509 πάλιν
722 1449 879 1518 ένολοίσατε,
901 1455 939 1515 τίς

152 1531 317 1592 ὑπολείπεται
338 1536 433 1635 σκῆψις
449 1533 509 1636 ύμῖν
531 1532 711 1610 ἁρμόττουσα,
734 1533 767 1592 ύίν
788 1535 832 1591 νύν
849 1557 938 1608 παρα

153 1617 318 1691 κρουσθῆτες
344 1639 379 1674 ων
389 1620 435 1690 μέν
446 1617 512 1720 γὰρ
517 1619 582 1694 ἔργα)
600 1623 691 1694 πεῖραν
709 1614 841 1690 εἰλήφατε,
859 1620 886 1673 τί
903 1618 941 1672 δεῖ

154 1703 207 1763 τοῖς
223 1696 310 1774 λόγοις
326 1697 466 1770 666666663
492 1691 527 1759 ὧν
546 1703 573 1757 δὲ
594 1698 745 1775 μηδέπω
717 1724 764 1770 την
778 1701 940 1773 δοκιμασίαν

154 1781 222 1882 έγετε
236 1779 326 1884 ἇιιριβῆ
339 1805 394 1858 παρ
415 1781 475 1858 ύμῖν
487 1780 588 1851 αὐτοῖς,
610 1791 638 1841 ἐν
655 1785 707 1842 τῶν
724 1785 889 1859 λεγομένων”
875 1805 938 1846 ισως

155 1861 299 1968 ἇνριγκαῖέν
316 1872 371 1924 ἐστι
384 1869 481 1942 κρίνειν.
516 1863 717 1941 666666*
701 1889 782 1942 εγωγε
794 1889 844 1924 των
858 1862 938 1928 οὕτως

154 1946 296 2020 ἐχόντων“
276 1970 338 2014 ωςτε
350 1947 383 2006 τύ
394 1952 440 2024 μέν
454 1951 506 2007 ῖδια
518 1954 572 2014 τοῖς
584 1955 611 2006 ἐκ
623 1952 673 2006 τῶν
680 1946 867 2025 παρελθόντων
872 1949 937 2021 χρό-

152 2054 202 2089 νων
220 2022 293 2088 οίισιν
310 2035 440 2099 ἐπιεικέσι,
462 2029 561 2097 τούτοις
580 2039 641 2104 (εθῖ)
656 2034 938 2108 παρακατατίθεσθαι,

153 2136 187 2169 τα
177 2110 230 2168 δ’
246 2120 273 2170 έν
288 2116 328 2215 τῇ
338 2118 452 2187 πολιτείᾳ
469 2114 542 2172 ιιοινίι
559 2121 614 2180 τοῖς
629 2113 836 2223 ομολογουμέτως
853 2116 937 2182 ἐξελη-

154 2187 328 2269 λεγμένοις
298 2219 357 2254 ουσι
373 2195 482 2270 φαύλοις
499 2201 645 2273 ἐπιτρέπειν
679 2201 723 2286 ιιρί
744 2195 809 2255 ιιύνα
829 2198 876 2271 μὲν
896 2197 939 2252 ἐπὶ

154 2275 297 2374 πρίμνην’
281 2280 372 2352 αγεννῆ
390 2303 434 2336 ιιαι
425 2282 550 2352 φαῦλον
567 2277 658 2337 ούδ’“
640 2304 673 2380 ριν
684 2276 720 2346 είς
733 2277 877 2350 έπιστησειε
888 2301 937 2376 φυ-

155 2355 266 2415 λάττειν·
289 2363 331 2417 ίπί
347 2363 374 2418 δι’
390 2361 451 2427 τούς
467 2361 500 2421 τὰ
513 2361 585 2420 κοινοῖ
598 2360 761 2438 πράττοντας
773 2361 835 2427 τούς
847 2358 938 2433 τυχόν-

155 2462 203 2505 τας
216 2437 375 2541 ἇνθρρύπυυς
386 2447 468 2517 φασίν
480 2447 540 2503 ἔνιοι
552 2443 671 2518 φύλακας
683 2448 734 2501 δεῖν
748 2442 937 2551 ἐπιπέμπειν,“
916 2465 940 2498 οι

154 2521 367 2599 προςποιούμενοι
384 2525 487 2601 μηνύειν
502 2526 563 2592 τούς
582 2526 779 2605 ἁμαρτάνοντας
797 2528 873 2586 αὐτοὶ
895 2527 940 2595 τῆς

154 2608 312 2682 μεγίστης”
290 2629 340 2666 εισι
332 2610 469 2682 φυλακῆς
481 2607 602 2684 δείμασι.
