1972 3114
863 39 968 147 W

923 134 928 139 -
945 112 975 161 ιε

167 223 182 268 2
420 217 701 267 ΔΗΜΟΣΘΕΝΟΥΣ
909 232 956 277 620.

167 318 237 383 ὅπως
254 315 269 375 6
288 314 364 393 λόγος
377 319 459 384 δείξει.
482 314 591 386 ἐξετάζει
604 320 630 375 δὲ
643 320 687 375 καὶ
701 314 746 388 τὴν
759 318 805 375 τοῦ
818 316 957 394 προςώπου

166 399 301 471 ποιότητα,
316 403 394 475 λέγων
408 397 454 458 οὖν
467 397 531 458 εἶναι
544 402 643 478 δωρεῶν
657 398 730 468 ἄξιον
742 398 786 459 τόν
798 403 956 477 Χαρίδημον,

167 485 212 541 καὶ
227 486 310 540 ταῦτα
324 481 452 542 τοιούτων.

360 636 499 693 ΕΤΕΡΑ
530 637 759 692 ῨΠΟΘΕΣΙΣ.

225 729 263 787 Ἦ
274 728 370 808 Εδβοια
383 735 430 807 μία
442 733 521 802 νῆσος
534 729 688 808 καταντικρὺ
700 732 747 802 τῆς
755 726 880 801 Ἀττικῆς,
899 730 955 801 διή-

167 837 251 872 κουσα
271 813 314 873 διὰ
335 818 379 885 τῆς
395 817 523 880 Βοιωτίας
544 817 588 872 καί
608 815 654 884 τῆς
674 815 788 880 Φωκίδος
807 817 879 890 μέχρι
905 816 956 870 τῶν

165 897 288 970 Ἀφετῶν·
304 893 410 970 >Αςοοταί
424 898 450 953 δὲ
463 898 508 967 τῆς
523 900 663 962 Θετταλίας
676 895 764 962 τόπος.
787 901 861 971 ἴσμεν
874 898 900 952 δὲ
915 895 955 954 ὅτι

163 984 247 1055 χωρία
261 978 383 1037 πολλὰ
359 1002 423 1052 ειχεν
437 1003 453 1050 η
443 977 610 1054 E6fflocaff
601 1004 655 1038 εστι
669 982 697 1036 δὲ
709 987 735 1038 ἐν
748 1003 779 1056 τη
767 976 889 1053 ”Εδβοιήι
899 1004 953 1052 χω-

167 1059 333 1164 ρίονΩρεός
355 1087 401 1120 του
388 1059 503 1139 Ὠρεοδ
522 1062 576 1119 δὲ’
562 1088 577 1121 ο
590 1066 695 1164 πολίτης
706 1059 828 1163 Ὠρείτης
868 1058 953 1139 Ὠρεί-

166 1169 212 1216 της
226 1169 270 1203 ουν
284 1169 321 1210 τις
334 1148 483 1223 Χαρίδημος
494 1145 629 1245 ξεναγός’
614 1170 646 1213 ην
658 1148 707 1203 τῶν
717 1143 871 1216 Ἀθηναίων
911 1151 953 1211 ξε-

167 1227 248 1304 ναγὸς
260 1230 313 1285 δι”
301 1252 380 1297 εστιν,
395 1227 438 1287 ὅτε
450 1253 488 1294 τις
501 1227 669 1335 στράτευμα
661 1227 765 1295 ξόαν’
749 1233 814 1304 υπὲρ
826 1251 893 1294 τινος
906 1225 953 1284 άλ-

166 1317 213 1368 λου
231 1315 322 1388 τρέφει.
357 1310 399 1369 διά
418 1315 495 1370 τοῦτο
514 1303 559 1369 οδν
577 1314 621 1368 καί
639 1315 714 1377 οὗτος
726 1315 824 1388 ε’λίγετο
837 1309 954 1386 ξεναγός,

166 1393 252 1464 ἐπειδὴ
270 1393 418 1496 στράτευμα
436 1397 544 1462 ξένων”
529 1416 632 1470 ετρεφεν
647 1393 713 1470 ὑπὲρ
735 1397 883 1469 συμμαχίας
903 1395 955 1451 τῶν

163 1467 354 1547 Ἀθηναίων
338 1501 369 1548 ην
381 1501 426 1535 ουν
439 1479 490 1534 τάνν
501 1473 696 1552 μὲνἎθηναίων
708 1475 824 1553 ξεναγός,
836 1475 955 1553 γαμβρὸς

168 1562 195 1617 δὲ
206 1557 310 1625 Κότυος
322 1561 369 1617 τοῦ
382 1562 432 1617 τῶν
446 1563 553 1636 Θρᾳκῶν
566 1561 689 1658 βασιλέως
702 1562 747 1618 καί
760 1558 914 1637 στρατηγός.
938 1558 953 1616 6

167 1644 194 1698 δὲ
212 1640 299 1724 Κότυς
320 1643 449 1719 παρέλαβέ
467 1665 530 1700 ποτε
551 1641 596 1714 τὴν
617 1641 782 1720 Χερρόνησον
804 1641 850 1714 τὴν
868 1639 951 1712 Ἀθη-

165 1729 244 1782 ναίων
265 1725 354 1782 οὖσαν.
389 1728 434 1782 καὶ
452 1724 604 1796 τελευτήσας
620 1729 738 1783 κατέλιπε
756 1727 801 1798 τῆς
821 1727 954 1800 βασιλείας

167 1805 288 1878 διάδοχον
301 1809 511 1884 Κερσοβλέπτην,
524 1809 546 1865 εἲ
558 1807 623 1882 μετά
638 1833 711 1867 τινων
724 1806 783 1876 δύο,
799 1806 953 1885 Βηρισάδου

166 1892 211 1947 καλ
221 1887 371 1964 Ἀμαδόκου,
385 1889 431 1961 τὴν
443 1891 574 1965 βασιλείαν
586 1894 728 1968 μερίσαιτο.
762 1887 814 1963 εἶχε
827 1893 855 1948 δὲ
868 1914 951 1967 στρα·

166 1971 245 2048 τηγόν
259 1971 273 2030 6
285 1977 330 2048 μὲν
341 1975 538 2050 Κερσοβλέπτης
555 1973 590 2040 ὦς
607 1975 719 2051 συγγενῆ
737 1972 781 2032 τόν
795 1975 953 2050 Χαρίδημον,

167 2054 181 2112 6
204 2057 231 2112 δὲ
248 2054 396 2133 Βηρισάδης
419 2055 475 2113 τινά
491 2053 684 2133 Ἀθηνόδωρον,
703 2054 845 2127 Ἀθηναῖον
866 2054 952 2128 φάσει,

163 2135 357 2210 Ἀλωπεκῆθεν
376 2137 390 2197 6
405 2140 432 2195 δὲ
442 2135 584 2213 Ἀμάδοκος
596 2138 648 2199 δύω
662 2137 824 2216 στρατηγοὺς
836 2135 895 2211 εἶχε,
905 2142 951 2196 Σί-

165 2245 237 2296 μωνα
256 2224 299 2279 καὶ
310 2221 436 2300 Βιάνορα.
470 2224 522 2296 ἰδίᾳ
539 2227 623 2281 τοίνυν
640 2225 749 2288 ἕκαστος
764 2224 816 2280 τῶν
829 2224 953 2297 βασιλέων

165 2303 248 2374 ἤθελε
263 2304 339 2383 χάριν
357 2312 411 2372 τοῖς
422 2303 570 2378 Ἀθηναίοις
586 2305 758 2378 ποιήσασθαι
777 2303 819 2363 διά
838 2304 868 2364 τὸ
890 2307 953 2376 ἔχειν

167 2387 262 2454 αὐτοὺς
278 2390 313 2454 εἷς
331 2394 477 2462 συμμαχίαν
499 2387 619 2465 εὐμενεῖς,
645 2392 690 2448 καλ
711 2387 952 2464 συμβουλεύσαντος

166 2478 227 2541 (620)
246 2475 292 2529 τοῦ
306 2471 457 2548 Χαριδήμου
475 2475 565 2532 δοῦναι
583 2475 654 2550 κοινῇ
672 2478 727 2539 τοῖς
740 2469 891 2543 Ἀθηναίοις
908 2470 953 2541 τὴν

165 2552 330 2631 Χερρόνησον
343 2559 508 2626 ἐπείσθησαν
521 2557 544 2614 οἶ
556 2558 670 2631 βασιλεῖς
681 2558 727 2614 καὶ
739 2553 874 2613 δεδώκασι.
889 2557 950 2612 τοῦ-

165 2662 196 2696 το
207 2634 311 2714 γνόντες
322 2639 348 2696 οἳ
357 2635 492 2709 Ἀθηναῖοι
505 2638 550 2696 τόν
557 2642 707 2716 Χαρίδημον
720 2637 904 2712 ἐστεφάνωσαν
918 2635 953 2702 ὧς

165 2718 298 2799 εὐεργέτην
317 2721 402 2780 αὖτῶν
416 2724 505 2799 χρυσῷ
524 2720 643 2798 στεφάνην
649 2765 656 2791 ,
682 2724 726 2780 καλ
747 2720 830 2781 θετόν
846 2725 951 2789 πολίτην

38 2824 259 2928 Λ
