1972 3114
155 230 187 281 ης
405 228 689 278 Δααοτοααοτα
897 239 944 286 ατ.

155 355 204 398 σιν,
218 331 322 388 ίκδοτον
335 332 410 385 ποιεῖ.
438 331 522 384 καίτοι
535 329 616 386 πᾶσίν
629 330 679 387 εἶσι
692 325 829 405 πράγμασι
843 330 887 386 καὶ
899 327 942 387 λό-

153 437 211 491 γοις
224 410 269 469 δύο
283 413 445 487 προςθῆκαι,
458 411 475 480 ἦ
487 413 534 469 τού
547 413 648 469 δικαίου
661 415 705 469 καί
718 409 820 470 ἀδίκου·
844 410 875 477 δίς
887 411 943 486 ἅμα

154 501 199 573 μὲν
212 494 241 553 τό
255 490 320 551 αὐτό
333 496 443 570 πρᾶγμα
457 491 531 551 ούδίν
544 492 577 552 ίίν
590 492 694 553 δύναιτο
705 499 784 567 σχεῖν,
794 491 853 552 ούδὲ
866 492 943 571 λόγος

155 576 245 643 ούδείς.
264 579 319 641 πῶς
330 575 383 653 γὰρ
397 573 430 634 όίν
443 578 529 633 δίκαια
542 575 597 651 ἅμα
611 575 704 644 ταύτά,
717 580 762 635 καί
773 574 817 651 μή,
829 580 928 653 γίνοιτο
935 605 942 645 ;

154 661 201 732 την
219 663 306 735 ἑτέραν
324 656 349 716 δ’
366 660 476 716 ἕκαστον
493 661 551 731 ἕχον
568 658 742 734 δοκιμάζεται·
764 658 813 716 κόίν
830 663 876 733 μὲν
897 658 943 730 την

155 742 243 802 άδικον
255 743 335 816 φανῇ,
349 740 461 817 πονηρὸν
473 746 594 817 κρίνεται·
617 742 649 800 όίν
662 745 689 799 δί
703 742 749 813 τίχν
761 744 869 810 δικαίαν,
875 766 940 819 χρη-

155 825 218 883 στὸν
230 828 275 882 καί
288 821 375 881 καλόν.
409 822 444 882 σύ
455 829 541 882 ’τοίνυν
554 822 689 899 οὐδετέραν
701 829 868 901 προςίθηκας
880 823 940 883 τού·

154 932 218 976 των,
238 905 270 964 άν
287 930 325 972 τις
342 903 481 982 ἀποκτείνῃ
486 949 494 974 ,
511 905 631 984 γράφων·
655 905 708 965 ἀλλ’
725 905 848 984 άόριστον
864 907 943 965 είπών

153 988 235 1061 αύτίχν
251 989 298 1060 την
315 990 412 1057 αἰτίαν,
437 991 482 1047 καί
498 988 647 1064 μετάταύί
664 988 748 1056 εύθύς
759 989 941 1067 προςγράφας,

153 1072 287 1151 ἀγώγιμον
298 1068 370 1140 εἶναι,
383 1075 469 1148 τρίτον
480 1076 552 1132 τουτί
565 1072 730 1150 δικαστήριον
743 1072 834 1130 καὶτὰ
848 1071 942 1131 τούτου

151 1156 247 1232 νόμιμα
259 1153 446 1231 παραβεβηκώς
457 1160 550 1229 φαίνει.

216 1242 344 1314 Τέταρτον
357 1242 441 1296 τοίνυν
455 1237 518 1297 άλλο
531 1238 597 1315 πρὸς
608 1237 718 1307 τούτοις,
730 1237 761 1297 τὸ
776 1241 818 1296 ἐπί
830 1249 940 1314 Πρυτα-

151 1327 216 1397 νείῳ.
243 1325 321 1380 τούτο
335 1319 359 1377 δ’
376 1325 457 1390 ἐστίν,
475 1321 520 1380 ἐὰν
532 1326 610 1388 λίθος
622 1321 640 1393 ἢ
652 1320 729 1389 ξύλον
741 1320 758 1393 ἢ
771 1323 876 1399 σίδηρος
888 1318 905 1390 ἦ
917 1345 941 1378 τι

151 1408 268 1463 τοιοῦτον
286 1403 398 1477 ἐμπεσόν
415 1404 533 1481 πατάξῃ,
559 1408 604 1463 καί
614 1403 661 1463 τόν
671 1409 717 1480 μὲν
729 1402 843 1480 βαλόντα
856 1401 941 1480 ἆγνοῇ

151 1512 201 1555 τις,
227 1484 292 1544 αύτό
310 1489 337 1542 δὲ
356 1488 411 1562 εἰδῇ
429 1489 475 1545 καὶ
491 1490 536 1564 ἔχῃ
554 1487 584 1546 τό
604 1487 648 1546 τὸν
666 1486 747 1562 φόνον
764 1488 940 1563 εἰργασμένον,

151 1569 252 1634 τούτοις
266 1570 385 1626 ἐνταῦθα
398 1569 561 1645 λαγχάνεται
581 1571 603 1628 εἰ
615 1574 700 1629 τοίνυν
712 1574 763 1629 τοῖν
776 1566 885 1646 ἆηνύχων
896 1572 941 1628 καί

150 1652 185 1726 μὴ
198 1649 355 1725 μετεχόντων
367 1654 412 1710 τού
424 1659 527 1728 φρονεῖν
544 1651 616 1711 οὐδέν
633 1651 694 1712 ίσθ)
711 1652 796 1720 ὅσιον,
818 1651 939 1723 τοιαύτην

152 1737 210 1807 ἔχον
229 1735 326 1801 αἰτίαν,
344 1735 387 1792 ἐόν
406 1733 524 1812 τῖκριτον,
541 1728 557 1806 ἦ
576 1761 628 1794 που
640 1735 685 1794 τόν
698 1760 728 1812 γε
741 1733 881 1794 άδικούντα
894 1740 940 1810 μὲν

151 1815 232 1884 ούδίν,
246 1815 291 1873 ίάν
304 1815 376 1892 τύχῃ,
388 1817 469 1888 θήσω
483 1821 511 1875 δὲ
524 1816 671 1886 ἀδικοῦντα,
687 1816 739 1875 ἀλλ’
752 1816 897 1894 ἄνθρωπόν
909 1841 940 1894 γε

151 1898 213 1958 όντα
231 1902 276 1956 καί
291 1900 461 1973 μετειληφότα
479 1905 510 1977 τῇ
529 1900 592 1978 τύχῃ
607 1904 651 1972 της
665 1898 744 1972 αύτῆς
756 1900 815 1975 ημῖν
828 1900 938 1975 φύσεως,

150 1981 255 2040 ἀνόσιον
270 1985 316 2039 καί
334 1980 414 2041 δεινὸν
432 1982 493 2043 ἄνευ
510 1982 591 2061 λόγου
610 1987 655 2043 καί
665 1982 757 2062 φηφου
769 1991 852 2043 ποιεῖν
865 1986 937 2043 ἔκδο-

151 2089 196 2125 τον
210 2063 247 2123 ίπ’
265 2065 335 2139 αῖτίφ
349 2065 463 2143 τοιαύτῃ.

207 2147 261 2206 ”Eu
282 2155 366 2206 τοίνυν
386 2153 502 2224 πέμπτον
523 2148 687 2227 δικαστήριον
709 2148 772 2209 άλλα
787 2147 937 2208 θεάσασθε

151 2227 205 2289 οἷον
216 2231 383 2306 ὑπερβέβηκε,
395 2231 425 2291 τό
438 2239 463 2290 ίν
478 2240 612 2308 Φρεαττοῖ.
646 2235 765 2292 ἐνταῦθα
778 2232 843 2309 γάρ,
857 2235 878 2294 ὦ
891 2232 936 2290 άν-

150 2316 208 2388 δρες
217 2310 365 2383 Ἀθηναῖοι,
385 2313 479 2374 κελεύει
496 2318 568 2382 δίκας
584 2315 685 2389 ύπέχειν
698 2315 712 2374 ὃ
723 2314 813 2389 νόμος,
832 2315 879 2374 ἐόν
891 2339 937 2386 τις,

150 2393 187 2454 ἐπ’
201 2393 315 2470 ἀκουσίῳ
328 2392 400 2472 φόνῳ
413 2398 554 2475 πεφευγώς,
563 2397 640 2474 μηπω
653 2401 703 2456 τοῖν
714 2397 873 2473 ἐκβαλόντων
887 2396 936 2457 αύ-

150 2477 196 2536 τὸν
207 2475 363 2554 ᾐδεσμένων,
385 2482 467 2539 αίτίαν
483 2484 526 2558 ἔχῃ
540 2489 602 2554 (646)
616 2485 702 2558 ἑτέρου
715 2479 798 2555 φόνου
809 2484 939 2541 ἑκουσίου.

151 2563 195 2618 καί
207 2559 267 2633 οὐχ,
286 2560 326 2619 ὅτι
337 2563 413 2640 δεῦρο
427 2561 475 2637 ούχ
488 2563 542 2624 οἷόν
559 2587 587 2622 τε
605 2569 694 2622 ἐλθεῖν
711 2561 795 2639 αύτηῖ,
815 2566 937 2641 παρεῖδεν

151 2642 230 2704 αὐτόν
244 2643 258 2702 ό
271 2648 356 2702 ταύτα
368 2647 467 2705 ἕκαστα
477 2647 567 2715 τάξας,
582 2644 649 2715 τύδ’,
660 2644 699 2705 ὅτι
712 2649 757 2704 καὶ
770 2645 898 2724 πρότερόν
910 2671 937 2705 τι

150 2731 267 2786 τοιοῦτον
278 2732 396 2799 ἐποίησε,
422 2732 467 2786 καί
480 2729 510 2800 δη
524 2728 571 2798 τὴν
584 2727 675 2803 ὁμοίαν
688 2728 830 2800 ἐποιήσατο
842 2729 938 2799 πιστὴν
