1972 3114
150 217 199 268 235
406 219 689 269 ΔΗΜΟΣΘΕΝΟΥΣ
894 234 941 280 875,

109 314 268 426 ,Λάκριβὲς
285 324 457 418 καταφυγεῖν,
485 315 574 376 οἰλλΗ
558 318 642 395 ῶςπερ
659 321 749 396 ἑτέρων
765 318 840 376 τινῶν
861 315 942 378 όντων

150 403 210 478 περὶ
223 403 275 458 τῶν
288 399 412 459 τοιούτων
425 405 591 478 σαφεστέρων
604 401 748 478 ἐλέγχων,”
731 425 747 472 η
759 398 884 504 βασάνων
897 407 942 461 καῖ

149 481 299 561 μαρτόρων,
312 481 373 541 οῶτε
362 481 519 586 μάρτυρας
531 483 720 560 παρεχόμενος,
738 482 783 555 τὴν
795 489 892 559 προῖκα
906 484 942 552 ῶς

151 564 369 634 άποιῖέδωκενᾙ
343 562 395 624 οότ’
412 567 448 632 εἷς
464 566 581 642 βάσανον
599 565 761 634 ἐκιῖιόοὐς
731 590 779 632 τας
797 569 942 634 συνειῶιιας

150 651 210 725 περὶ
228 653 274 706 τοῦ
291 647 326 722 μὴ
345 655 469 708 συνοικεῖν
486 648 533 720 τὴν
551 647 714 724 άόελφήν,”
699 674 740 709 οτι
756 645 825 707 ταῦτ’
844 646 941 719 ἠξίουν,

150 731 304 806 ὑβριστικῶς
317 729 386 790 πάνυ
400 733 444 790 καῖ
455 736 696 808 προπηλακιστικῶς
708 729 756 790 οῶκ
768 738 809 790 εῖα
822 754 855 804 με
869 731 940 807 αὑτῶ

152 816 331 889 διαλέγεσθαι.
365 813 461 873 τοότου
477 812 566 891 γένοιτ’
586 813 619 873 οῖν
636 839 675 882 τις
695 813 875 890 σχετλιώτερος
893 813 939 872 άν-

150 902 270 970 θρωπος,
284 895 301 967 ἢ
312 898 411 970 μᾶλλον
422 896 486 956 ἑνῶν
496 896 529 956 τά
544 894 622 955 δίκαι’
635 895 738 974 άγνοεῖν
751 896 939 974 προςποιοόμε-

150 1002 207 1048 νοςς
222 979 284 1054 λαβὲ
297 976 322 1035 6'
341 976 420 1051 αὐτὴν
431 979 478 1052 την
490 978 629 1058 πρόκλησιν
641 982 687 1039 καὶ
699 976 844 1057 άνάγνωθι.

452 1111 633 1191 (Πρόκλησις.)

210 1229 297 1305 Ὑμεῖς
309 1233 392 1289 τοίνυν
405 1232 450 1289 καὶ
462 1232 514 1304 ῖιῖίᾳ
527 1232 571 1288 καὶ
584 1233 695 1306 δημοσίᾳ
705 1229 823 1307 βάσανον
838 1227 939 1306 άκριβε·

152 1310 250 1384 στάτην
262 1315 355 1371 πασῶν
367 1317 489 1387 νομίζετε,
503 1316 547 1372 καὶ
560 1311 661 1372 ὁπόταν
673 1316 760 1373 δοῦλοι
774 1315 818 1371 καὶ
831 1312 938 1372 ἐλεόθε,

151 1421 192 1472 ροι
204 1399 413 1471 παραγένωνται,
433 1399 476 1473 δέη
491 1393 515 1454 6’
532 1395 674 1473 εὑρεθῆναι
686 1395 717 1455 τό
731 1393 895 1470 ζητοόμενον,
910 1391 940 1453 αὖ

149 1480 256 1554 χρῆσθε
268 1484 325 1544 ταῖς
338 1480 389 1536 τῶν
401 1484 543 1580 ἐλευθέραν
552 1483 713 1556 μαρτυρίαις,
723 1476 790 1537 άλλόι
804 1477 865 1544 τοὺς
878 1475 939 1536 ὂοό-

151 1566 211 1626 λους
233 1561 465 1636 βασανίζοντες”
434 1587 502 1620 ουτω
521 1561 663 1632 ζητεῖτε
637 1587 683 1634 την
704 1559 834 1632 ἀλήθειαν
860 1560 940 1637 εὑρεῖν

152 1647 204 1700 τῶν
216 1648 409 1745 πεπραγμένων,
422 1642 533 1712 εῖκότως,
545 1668 565 1701 ω
552 1635 671 1721 ἄνδρες
684 1647 816 1703 δικασταί·
831 1645 882 1701 τῶν
894 1646 940 1719 μὲν

150 1724 204 1801 γάρ
220 1725 439 1823 μαρτυρησάντων
456 1725 505 1798 ηιῖη
521 1731 585 1793 τινὲς
603 1753 633 1786 ου
622 1724 756 1799 τάληθῆ
774 1729 941 1827 μαρτυρῆσαι

152 1809 256 1876 ἔδοξαν,
282 1813 332 1866 τῶν
349 1811 376 1910 66
389 1811 612 1916 βασανισθέντων
615 1809 712 1876 οὐδένες
723 1808 816 1868 πῶποτ
813 1806 938 1909 ἐξηλέγ-

148 1891 299 1963 γθησαν,“
281 1915 315 1956 ως
330 1888 376 1950 οὖν
390 1889 523 1964 ἀληθῆ
494 1918 527 1950 τα
541 1898 568 1950 ἐκ
581 1896 627 1963 τῆς
639 1888 795 1968 βασάνου
770 1915 849 1950 ειπον.
865 1915 941 1956 ουτος

151 1975 179 2030 66
192 1977 332 2045 τηλικαῦτα
346 1977 432 2033 δίκαια
446 1973 548 2052 φυγῶν,
570 1977 664 2048 καλ(8ῖ
666 1984 689 2047 5)
703 1981 797 2050 σαφεῖς
815 1973 883 2032 οιῖτω
895 1977 940 2031 καλ

150 2055 280 2156 μεγάλους
302 2060 419 2133 ἐλέγχους
439 2055 605 2160 παραλιπβν,
629 2057 742 2134 ’Ἄφοβον
765 2054 941 2134 παρεχόμενος

150 2137 271 2216 μάρτυρα
288 2141 334 2197 καὶ
349 2139 520 2217 Τιμοκράτην,
539 2138 584 2198 τόν
600 2145 658 2216 με’ν,
675 2141 709 2207 ῶς
728 2137 921 2200 ἀποδέδωκε
893 2163 941 2210 την

150 2228 259 2297 προῖκα,
284 2245 331 2280 τον
351 2219 387 2292 6
412 2223 447 2289 ῶς
469 2220 620 2325 ἇπελληφεν,
641 2221 747 2326 φἰξιῶσει
763 2220 941 2280 πιστεύεσθαι

151 2327 207 2378 παρ
228 2302 295 2379 ὑμῖν,
310 2301 459 2405 ἇμάρτυρον
470 2330 516 2377 την
529 2304 595 2382 πρὸς
606 2305 714 2373 τοότους
725 2308 820 2383 πρᾶξιν
832 2327 939 2382 γεγενη-

152 2390 223 2442 σθαι
240 2386 469 2463 προςποιοόμενος
491 2387 622 2461 τοσαότην
638 2388 709 2463 ὑμῶν
722 2387 848 2461 ευηθειαν
864 2411 939 2445 κατε-

149 2489 252 2544 γνωκεν.
288 2467 328 2526 ὅτι
344 2474 391 2546 μὲν
408 2474 492 2530 τοίνυν
511 2469 555 2530 οῶτ
553 2468 717 2544 ’ἆληθ·ῆ”
686 2473 739 2530 ευτ’
760 2469 874 2544 ἇληθεῖᾳ
888 2477 939 2529 ἐοι-

151 2547 216 2608 κότα
229 2553 338 2619 λέξουσι,
351 2555 396 2611 καῖ
408 2561 435 2612 ἐκ
446 2550 558 2621 105’53
544 2579 625 2630 αρχης
639 2551 734 2620 αιἰτοός
747 2553 883 2630 ὁμολογεῖν
894 2575 942 2624 την

149 2637 246 2706 προῖκα
261 2655 298 2708 μη
317 2635 418 2704 δαόναι,
443 2638 487 2693 καὶ
510 2643 537 2694 ἐκ
559 2638 606 2695 τοό
626 2634 741 2694 πάλιν”
722 2659 784 2695 ανειι
803 2634 942 2714 μαρτόρων

150 2711 390 2776 αποὸεδωκέναι
351 2740 474 2792 φασκειν,
490 2719 535 2776 καὶ
551 2725 578 2778 ἐκ
591 2720 637 2780 τοό
649 2718 695 2778 τόν
703 2717 799 2798 χρόνον
810 2743 847 2796 μη
859 2726 940 2795 ἐγγω-

93 2922 156 2933 nnn-u
166 2930 169 2933 .
