<?xml version="1.0" encoding="UTF-8"?>
<!DOCTYPE html PUBLIC "-//W3C//DTD XHTML 1.0 Transitional//EN"
    "http://www.w3.org/TR/xhtml1/DTD/xhtml1-transitional.dtd">
<html xmlns="http://www.w3.org/1999/xhtml" xml:lang="en" lang="en">
 <head>
  <title>
</title>
<meta http-equiv="Content-Type" content="text/html;charset=utf-8" />
  <meta name='ocr-system' content='tesseract 3.04.00' />
  <meta name='ocr-capabilities' content='ocr_page ocr_carea ocr_par ocr_line ocrx_word'/>
</head>
<body>
  <div class='ocr_page' id='page_1' title='image "./demosthenisorat06demogoog_0237.png"; bbox 0 0 1972 3114; ppageno 0'>
   <div class='ocr_carea' id='block_1_1' title="bbox 149 217 932 275">
    <p class='ocr_par' dir='ltr' id='par_1_1' title="bbox 149 217 932 275">
     <span class='ocr_line' id='line_1_1' title="bbox 149 217 932 275; baseline 0.011 -10"><span class='ocrx_word' id='word_1_1' title='bbox 149 222 199 271; x_wconf 77' lang='lat'><strong><em>222</em></strong></span> <span class='ocrx_word' id='word_1_2' title='bbox 395 217 678 267; x_wconf 82' lang='grc' dir='ltr'><strong>ΔΗΜΟΣΘΕΝΟΥΣ</strong></span> <span class='ocrx_word' id='word_1_3' title='bbox 884 229 932 275; x_wconf 79' lang='grc'>862.</span> 
     </span>
    </p>
   </div>
   <div class='ocr_carea' id='block_1_2' title="bbox 149 311 939 2784">
    <p class='ocr_par' dir='ltr' id='par_1_2' title="bbox 149 311 939 2784">
     <span class='ocr_line' id='line_1_2' title="bbox 150 311 934 394; baseline -0.008 -16"><span class='ocrx_word' id='word_1_4' title='bbox 150 321 228 378; x_wconf 86' lang='grc' dir='ltr'><strong><em>κετών</em></strong></span> <span class='ocrx_word' id='word_1_5' title='bbox 250 315 298 377; x_wconf 85' lang='grc' dir='ltr'><strong><em>ούκ</em></strong></span> <span class='ocrx_word' id='word_1_6' title='bbox 313 321 438 376; x_wconf 74' lang='grc' dir='ltr'><strong><em>ἐθέλοντα</em></strong></span> <span class='ocrx_word' id='word_1_7' title='bbox 451 319 542 376; x_wconf 75' lang='grc' dir='ltr'><strong><em>τοῦτον</em></strong></span> <span class='ocrx_word' id='word_1_8' title='bbox 547 313 764 394; x_wconf 75' lang='grc' dir='ltr'><strong><em>παραλαμβάνειν</em></strong></span> <span class='ocrx_word' id='word_1_9' title='bbox 777 311 868 374; x_wconf 81' lang='grc' dir='ltr'><strong><em>ούδὲνα</em></strong></span> <span class='ocrx_word' id='word_1_10' title='bbox 882 316 934 373; x_wconf 84' lang='grc' dir='ltr'><strong><em>τών</em></strong></span> 
     </span>
     <span class='ocr_line' id='line_1_3' title="bbox 149 395 932 475; baseline -0.008 -15"><span class='ocrx_word' id='word_1_11' title='bbox 149 402 217 460; x_wconf 89' lang='grc' dir='ltr'><strong><em>πάντ</em></strong></span> <span class='ocrx_word' id='word_1_12' title='bbox 214 398 341 459; x_wconf 79' lang='grc' dir='ltr'><strong><em>ἐἰδότων</em></strong></span> <span class='ocrx_word' id='word_1_13' title='bbox 351 397 477 475; x_wconf 80' lang='grc' dir='ltr'><strong><em>μάλλον</em></strong></span> <span class='ocrx_word' id='word_1_14' title='bbox 460 425 476 471; x_wconf 92' lang='grc' dir='ltr'><strong><em>η</em></strong></span> <span class='ocrx_word' id='word_1_15' title='bbox 489 398 605 468; x_wconf 89' lang='grc' dir='ltr'><strong><em>Μιλύας,</em></strong></span> <span class='ocrx_word' id='word_1_16' title='bbox 622 402 672 457; x_wconf 86' lang='grc' dir='ltr'><strong><em>τών</em></strong></span> <span class='ocrx_word' id='word_1_17' title='bbox 682 395 830 475; x_wconf 87' lang='grc' dir='ltr'><strong><em>μαρτύρων,</em></strong></span> <span class='ocrx_word' id='word_1_18' title='bbox 847 397 875 455; x_wconf 81' lang='grc' dir='ltr'><strong><em>οἳ</em></strong></span> <span class='ocrx_word' id='word_1_19' title='bbox 884 422 932 455; x_wconf 90' lang='grc' dir='ltr'><strong><em>κα-</em></strong></span> 
     </span>
     <span class='ocr_line' id='line_1_4' title="bbox 149 478 932 584; baseline -0.009 -41"><span class='ocrx_word' id='word_1_20' title='bbox 149 481 323 584; x_wconf 89' lang='grc' dir='ltr'><strong><em>τεμαρτύρουν</em></strong></span> <span class='ocrx_word' id='word_1_21' title='bbox 333 479 441 558; x_wconf 79' lang='grc' dir='ltr'><strong><em>χρήματ</em></strong></span> <span class='ocrx_word' id='word_1_22' title='bbox 453 484 517 554; x_wconf 77' lang='grc' dir='ltr'><strong><em>ἔχειν</em></strong></span> <span class='ocrx_word' id='word_1_23' title='bbox 529 479 616 550; x_wconf 82' lang='grc' dir='ltr'><strong><em>αύτόν,</em></strong></span> <span class='ocrx_word' id='word_1_24' title='bbox 625 478 755 540; x_wconf 83' lang='grc' dir='ltr'><strong><em>ούδενὶ</em></strong></span> <span class='ocrx_word' id='word_1_25' title='bbox 720 505 770 539; x_wconf 88' lang='grc' dir='ltr'><strong><em>των</em></strong></span> <span class='ocrx_word' id='word_1_26' title='bbox 781 481 932 556; x_wconf 80' lang='grc' dir='ltr'><strong><em>ψευδομαρ-</em></strong></span> 
     </span>
     <span class='ocr_line' id='line_1_5' title="bbox 149 559 934 644; baseline -0.008 -19"><span class='ocrx_word' id='word_1_27' title='bbox 149 570 240 644; x_wconf 87' lang='grc' dir='ltr'><strong><em>τυριών</em></strong></span> <span class='ocrx_word' id='word_1_28' title='bbox 252 564 486 640; x_wconf 78' lang='grc' dir='ltr'><strong><em>ἐπεσκημμίνω,“</em></strong></span> <span class='ocrx_word' id='word_1_29' title='bbox 460 589 506 635; x_wconf 91' lang='grc' dir='ltr'><strong><em>την</em></strong></span> <span class='ocrx_word' id='word_1_30' title='bbox 517 560 687 635; x_wconf 72' lang='grc' dir='ltr'><strong><em>διαθηκην’</em></strong></span> <span class='ocrx_word' id='word_1_31' title='bbox 660 586 705 622; x_wconf 86' lang='grc' dir='ltr'><strong><em>ουκ</em></strong></span> <span class='ocrx_word' id='word_1_32' title='bbox 720 560 861 630; x_wconf 78' lang='grc' dir='ltr'><strong><em>ἀποδόντα,</em></strong></span> <span class='ocrx_word' id='word_1_33' title='bbox 875 559 934 620; x_wconf 80' lang='grc' dir='ltr'><strong><em>ούδὲ</em></strong></span> 
     </span>
     <span class='ocr_line' id='line_1_6' title="bbox 149 643 934 722; baseline -0.006 -16"><span class='ocrx_word' id='word_1_34' title='bbox 149 649 193 708; x_wconf 89' lang='grc' dir='ltr'><strong><em>τὸν</em></strong></span> <span class='ocrx_word' id='word_1_35' title='bbox 208 645 277 706; x_wconf 76' lang='grc' dir='ltr'><strong><em>οἶκον</em></strong></span> <span class='ocrx_word' id='word_1_36' title='bbox 289 645 479 722; x_wconf 88' lang='grc' dir='ltr'><strong><em>μισθώσαντα,</em></strong></span> <span class='ocrx_word' id='word_1_37' title='bbox 499 648 549 704; x_wconf 89' lang='grc' dir='ltr'><strong><em>τών</em></strong></span> <span class='ocrx_word' id='word_1_38' title='bbox 565 644 650 720; x_wconf 85' lang='grc' dir='ltr'><strong><em>νόμων</em></strong></span> <span class='ocrx_word' id='word_1_39' title='bbox 662 643 824 704; x_wconf 75' lang='grc' dir='ltr'><strong><em>κελευόντων·</em></strong></span> <span class='ocrx_word' id='word_1_40' title='bbox 845 648 934 702; x_wconf 88' lang='grc' dir='ltr'><strong><em>πίστιν</em></strong></span> 
     </span>
     <span class='ocr_line' id='line_1_7' title="bbox 150 722 930 829; baseline -0.008 -40"><span class='ocrx_word' id='word_1_41' title='bbox 150 735 293 797; x_wconf 80' lang='grc' dir='ltr'><strong><em>ἐπιθεῖναι,</em></strong></span> <span class='ocrx_word' id='word_1_42' title='bbox 311 727 485 829; x_wconf 87' lang='grc' dir='ltr'><strong><em>προομνύντος</em></strong></span> <span class='ocrx_word' id='word_1_43' title='bbox 497 730 572 804; x_wconf 80' lang='grc' dir='ltr'><strong><em>ε’μού,</em></strong></span> <span class='ocrx_word' id='word_1_44' title='bbox 590 730 635 785; x_wconf 81' lang='grc' dir='ltr'><strong><em>καὶ</em></strong></span> <span class='ocrx_word' id='word_1_45' title='bbox 646 730 696 786; x_wconf 86' lang='grc' dir='ltr'><strong><em>τών</em></strong></span> <span class='ocrx_word' id='word_1_46' title='bbox 708 725 857 804; x_wconf 84' lang='grc' dir='ltr'><strong><em>μαρτύρων,</em></strong></span> <span class='ocrx_word' id='word_1_47' title='bbox 874 722 930 792; x_wconf 85' lang='grc' dir='ltr'><strong><em>ώςτ</em></strong></span> 
     </span>
     <span class='ocr_line' id='line_1_8' title="bbox 150 805 934 887; baseline -0.004 -19"><span class='ocrx_word' id='word_1_48' title='bbox 150 811 283 886; x_wconf 69' lang='grc' dir='ltr'><strong><em>ἀφεῖσθαι</em></strong></span> <span class='ocrx_word' id='word_1_49' title='bbox 299 812 389 869; x_wconf 78' lang='grc' dir='ltr'><strong><em>τοῦτον</em></strong></span> <span class='ocrx_word' id='word_1_50' title='bbox 406 812 456 868; x_wconf 89' lang='grc' dir='ltr'><strong><em>τών</em></strong></span> <span class='ocrx_word' id='word_1_51' title='bbox 470 807 619 887; x_wconf 82' lang='grc' dir='ltr'><strong><em>χρημάτων,</em></strong></span> <span class='ocrx_word' id='word_1_52' title='bbox 646 807 749 867; x_wconf 72' lang='grc' dir='ltr'><strong><em>καθ’“</em></strong></span> <span class='ocrx_word' id='word_1_53' title='bbox 732 834 749 866; x_wconf 92' lang='grc' dir='ltr'><strong><em>α</em></strong></span> <span class='ocrx_word' id='word_1_54' title='bbox 766 807 811 867; x_wconf 88' lang='grc' dir='ltr'><strong><em>τὸν</em></strong></span> <span class='ocrx_word' id='word_1_55' title='bbox 827 805 934 866; x_wconf 88' lang='grc' dir='ltr'><strong><em>Μιλύαν</em></strong></span> 
     </span>
     <span class='ocr_line' id='line_1_9' title="bbox 151 889 934 969; baseline -0.006 -17"><span class='ocrx_word' id='word_1_56' title='bbox 151 892 285 969; x_wconf 77' lang='grc' dir='ltr'><strong><em>ἐξῄτησεν,</em></strong></span> <span class='ocrx_word' id='word_1_57' title='bbox 304 890 349 951; x_wconf 87' lang='grc' dir='ltr'><strong><em>ούκ</em></strong></span> <span class='ocrx_word' id='word_1_58' title='bbox 361 894 486 964; x_wconf 75' lang='grc' dir='ltr'><strong><em>οἰηθέντα</em></strong></span> <span class='ocrx_word' id='word_1_59' title='bbox 498 894 549 951; x_wconf 80' lang='grc' dir='ltr'><strong><em>δεῖν</em></strong></span> <span class='ocrx_word' id='word_1_60' title='bbox 553 919 562 962; x_wconf 89' lang='grc'><strong><em>,·</em></strong></span> <span class='ocrx_word' id='word_1_61' title='bbox 586 890 624 968; x_wconf 88' lang='grc' dir='ltr'><strong><em>μά</em></strong></span> <span class='ocrx_word' id='word_1_62' title='bbox 638 890 698 959; x_wconf 86' lang='grc' dir='ltr'><strong><em>τούς</em></strong></span> <span class='ocrx_word' id='word_1_63' title='bbox 710 889 805 960; x_wconf 88' lang='grc' dir='ltr'><strong><em>θεούς,</em></strong></span> <span class='ocrx_word' id='word_1_64' title='bbox 821 889 872 967; x_wconf 71' lang='grc' dir='ltr'><strong><em>ἐγώ</em></strong></span> <span class='ocrx_word' id='word_1_65' title='bbox 888 894 934 966; x_wconf 83' lang='grc' dir='ltr'><strong><em>μὲν</em></strong></span> 
     </span>
     <span class='ocr_line' id='line_1_10' title="bbox 151 971 934 1051; baseline -0.006 -16"><span class='ocrx_word' id='word_1_66' title='bbox 151 973 198 1035; x_wconf 85' lang='grc' dir='ltr'><strong><em>ούκ</em></strong></span> <span class='ocrx_word' id='word_1_67' title='bbox 211 973 243 1034; x_wconf 80' lang='grc' dir='ltr'><strong><em>άν</em></strong></span> <span class='ocrx_word' id='word_1_68' title='bbox 256 977 335 1050; x_wconf 71' lang='grc' dir='ltr'><strong><em>ἔχοιμι</em></strong></span> <span class='ocrx_word' id='word_1_69' title='bbox 347 977 470 1043; x_wconf 76' lang='grc' dir='ltr'><strong><em>ἐπιδεῖξαι</em></strong></span> <span class='ocrx_word' id='word_1_70' title='bbox 480 971 551 1033; x_wconf 77' lang='grc' dir='ltr'><strong><em>ταῦτ’</em></strong></span> <span class='ocrx_word' id='word_1_71' title='bbox 563 971 749 1051; x_wconf 78' lang='grc' dir='ltr'><strong><em>άκριβὲστερον,</em></strong></span> <span class='ocrx_word' id='word_1_72' title='bbox 757 973 775 1045; x_wconf 78' lang='grc' dir='ltr'><strong><em>ἢ</em></strong></span> <span class='ocrx_word' id='word_1_73' title='bbox 784 974 875 1032; x_wconf 86' lang='grc' dir='ltr'><strong><em>ταύταν</em></strong></span> <span class='ocrx_word' id='word_1_74' title='bbox 888 971 934 1031; x_wconf 87' lang='grc' dir='ltr'><strong><em>τόν</em></strong></span> 
     </span>
     <span class='ocr_line' id='line_1_11' title="bbox 150 1054 933 1134; baseline -0.005 -18"><span class='ocrx_word' id='word_1_75' title='bbox 150 1056 255 1134; x_wconf 79' lang='grc' dir='ltr'><strong><em>τρόπον.</em></strong></span> <span class='ocrx_word' id='word_1_76' title='bbox 289 1056 355 1116; x_wconf 83' lang='grc' dir='ltr'><strong><em>ούτω</em></strong></span> <span class='ocrx_word' id='word_1_77' title='bbox 367 1062 451 1117; x_wconf 88' lang='grc' dir='ltr'><strong><em>τοίνυν</em></strong></span> <span class='ocrx_word' id='word_1_78' title='bbox 464 1059 580 1134; x_wconf 79' lang='grc' dir='ltr'><strong><em>φανερῶς</em></strong></span> <span class='ocrx_word' id='word_1_79' title='bbox 591 1059 641 1115; x_wconf 86' lang='grc' dir='ltr'><strong><em>τών</em></strong></span> <span class='ocrx_word' id='word_1_80' title='bbox 652 1054 787 1133; x_wconf 87' lang='grc' dir='ltr'><strong><em>μαρτύρων</em></strong></span> <span class='ocrx_word' id='word_1_81' title='bbox 800 1076 933 1134; x_wconf 74' lang='grc' dir='ltr'><strong><em>καταψευ-</em></strong></span> 
     </span>
     <span class='ocr_line' id='line_1_12' title="bbox 151 1137 935 1217; baseline -0.004 -19"><span class='ocrx_word' id='word_1_82' title='bbox 151 1140 268 1216; x_wconf 88' lang='grc' dir='ltr'><strong><em>δόμενος,</em></strong></span> <span class='ocrx_word' id='word_1_83' title='bbox 285 1142 330 1197; x_wconf 79' lang='grc' dir='ltr'><strong><em>καὶ</em></strong></span> <span class='ocrx_word' id='word_1_84' title='bbox 341 1146 368 1198; x_wconf 81' lang='grc' dir='ltr'><strong><em>ἐκ</em></strong></span> <span class='ocrx_word' id='word_1_85' title='bbox 380 1143 430 1199; x_wconf 87' lang='grc' dir='ltr'><strong><em>τών</em></strong></span> <span class='ocrx_word' id='word_1_86' title='bbox 441 1137 600 1217; x_wconf 71' lang='grc' dir='ltr'><strong><em>πραγμάτων</em></strong></span> <span class='ocrx_word' id='word_1_87' title='bbox 613 1137 685 1199; x_wconf 81' lang='grc' dir='ltr'><strong><em>ούδὲν</em></strong></span> <span class='ocrx_word' id='word_1_88' title='bbox 698 1137 873 1214; x_wconf 87' lang='grc' dir='ltr'><strong><em>ζημιούμενος,</em></strong></span> <span class='ocrx_word' id='word_1_89' title='bbox 890 1139 935 1195; x_wconf 84' lang='grc' dir='ltr'><strong><em>καί</em></strong></span> 
     </span>
     <span class='ocr_line' id='line_1_13' title="bbox 151 1219 935 1329; baseline -0.003 -49"><span class='ocrx_word' id='word_1_90' title='bbox 151 1222 198 1293; x_wconf 75' lang='grc' dir='ltr'><strong><em>τὴν</em></strong></span> <span class='ocrx_word' id='word_1_91' title='bbox 211 1225 281 1294; x_wconf 89' lang='grc' dir='ltr'><strong><em>δίκην</em></strong></span> <span class='ocrx_word' id='word_1_92' title='bbox 293 1225 394 1289; x_wconf 90' lang='grc' dir='ltr'><strong><em>δικαίως</em></strong></span> <span class='ocrx_word' id='word_1_93' title='bbox 411 1220 544 1298; x_wconf 83' lang='grc' dir='ltr'><strong><em>ώφληκώς,</em></strong></span> <span class='ocrx_word' id='word_1_94' title='bbox 565 1221 632 1296; x_wconf 77' lang='grc' dir='ltr'><strong><em>ὅμως</em></strong></span> <span class='ocrx_word' id='word_1_95' title='bbox 650 1219 819 1329; x_wconf 80' lang='grc' dir='ltr'><strong><em>ἆναιρχυντεῖ.</em></strong></span> <span class='ocrx_word' id='word_1_96' title='bbox 853 1223 897 1279; x_wconf 85' lang='grc' dir='ltr'><strong><em>καὶ</em></strong></span> <span class='ocrx_word' id='word_1_97' title='bbox 913 1221 935 1278; x_wconf 82' lang='grc' dir='ltr'><strong><em>εί</em></strong></span> 
     </span>
     <span class='ocr_line' id='line_1_14' title="bbox 150 1303 933 1406; baseline -0.003 -44"><span class='ocrx_word' id='word_1_98' title='bbox 150 1309 196 1380; x_wconf 74' lang='grc' dir='ltr'><strong><em>μὲν</em></strong></span> <span class='ocrx_word' id='word_1_99' title='bbox 202 1329 243 1405; x_wconf 83' lang='grc' dir='ltr'><strong><em>μη</em></strong></span> <span class='ocrx_word' id='word_1_100' title='bbox 256 1307 300 1364; x_wconf 82' lang='grc' dir='ltr'><strong><em>καὶ</em></strong></span> <span class='ocrx_word' id='word_1_101' title='bbox 311 1304 383 1382; x_wconf 85' lang='grc' dir='ltr'><strong><em>παρά</em></strong></span> <span class='ocrx_word' id='word_1_102' title='bbox 396 1311 450 1372; x_wconf 83' lang='grc' dir='ltr'><strong><em>τοῖς</em></strong></span> <span class='ocrx_word' id='word_1_103' title='bbox 464 1305 545 1364; x_wconf 80' lang='grc' dir='ltr'><strong><em>αύτού</em></strong></span> <span class='ocrx_word' id='word_1_104' title='bbox 562 1310 656 1406; x_wconf 79' lang='grc' dir='ltr'><strong><em>φίλρις,</em></strong></span> <span class='ocrx_word' id='word_1_105' title='bbox 677 1308 722 1363; x_wconf 88' lang='grc' dir='ltr'><strong><em>και</em></strong></span> <span class='ocrx_word' id='word_1_106' title='bbox 732 1303 848 1380; x_wconf 87' lang='grc' dir='ltr'><strong><em>παρά</em></strong></span> <span class='ocrx_word' id='word_1_107' title='bbox 819 1327 855 1360; x_wconf 84' lang='grc' dir='ltr'><strong><em>τοι</em></strong></span> <span class='ocrx_word' id='word_1_108' title='bbox 842 1304 933 1361; x_wconf 79' lang='grc' dir='ltr'><strong><em>”διαι-</em></strong></span> 
     </span>
     <span class='ocr_line' id='line_1_15' title="bbox 151 1383 932 1490; baseline -0.005 -44"><span class='ocrx_word' id='word_1_109' title='bbox 151 1391 214 1464; x_wconf 80' lang='grc' dir='ltr'><strong><em>τητῇ</em></strong></span> <span class='ocrx_word' id='word_1_110' title='bbox 227 1392 434 1490; x_wconf 72' lang='grc' dir='ltr'><strong><em>προεγνωσμένος</em></strong></span> <span class='ocrx_word' id='word_1_111' title='bbox 448 1385 554 1456; x_wconf 84' lang='grc' dir='ltr'><strong><em>άδικεῒν,</em></strong></span> <span class='ocrx_word' id='word_1_112' title='bbox 574 1386 682 1453; x_wconf 75' lang='grc' dir='ltr'><strong><em>τούτους</em></strong></span> <span class='ocrx_word' id='word_1_113' title='bbox 693 1393 803 1445; x_wconf 72' lang='grc' dir='ltr'><strong><em>ἐποιεῖτο</em></strong></span> <span class='ocrx_word' id='word_1_114' title='bbox 815 1385 876 1452; x_wconf 86' lang='grc' dir='ltr'><strong><em>τούς</em></strong></span> <span class='ocrx_word' id='word_1_115' title='bbox 888 1383 932 1442; x_wconf 89' lang='grc' dir='ltr'><strong><em>λό-</em></strong></span> 
     </span>
     <span class='ocr_line' id='line_1_16' title="bbox 150 1466 936 1570; baseline -0.008 -41"><span class='ocrx_word' id='word_1_116' title='bbox 150 1494 226 1545; x_wconf 87' lang='grc' dir='ltr'><strong><em>γους,</em></strong></span> <span class='ocrx_word' id='word_1_117' title='bbox 244 1494 321 1570; x_wconf 80' lang='grc' dir='ltr'><strong><em>ηττρν</em></strong></span> <span class='ocrx_word' id='word_1_118' title='bbox 338 1494 371 1527; x_wconf 87' lang='grc' dir='ltr'><strong><em>αν</em></strong></span> <span class='ocrx_word' id='word_1_119' title='bbox 387 1471 418 1541; x_wconf 82' lang='grc' dir='ltr'><strong><em>ἠν</em></strong></span> <span class='ocrx_word' id='word_1_120' title='bbox 436 1468 508 1539; x_wconf 80' lang='grc' dir='ltr'><strong><em>άξιον</em></strong></span> <span class='ocrx_word' id='word_1_121' title='bbox 524 1468 679 1545; x_wconf 79' lang='grc' dir='ltr'><strong><em>θαυμάζειν·</em></strong></span> <span class='ocrx_word' id='word_1_122' title='bbox 700 1466 785 1528; x_wconf 80' lang='grc' dir='ltr'><strong><em>νύνδ’</em></strong></span> <span class='ocrx_word' id='word_1_123' title='bbox 802 1471 936 1545; x_wconf 76' lang='grc' dir='ltr'><strong><em>ἐπιτρέψαι</em></strong></span> 
     </span>
     <span class='ocr_line' id='line_1_17' title="bbox 150 1548 936 1650; baseline -0.005 -41"><span class='ocrx_word' id='word_1_124' title='bbox 150 1575 182 1625; x_wconf 87' lang='grc' dir='ltr'><strong><em>με</em></strong></span> <span class='ocrx_word' id='word_1_125' title='bbox 195 1556 288 1617; x_wconf 81' lang='grc' dir='ltr'><strong><em>πείσας</em></strong></span> <span class='ocrx_word' id='word_1_126' title='bbox 291 1550 427 1653; x_wconf 78' lang='grc' dir='ltr'><strong><em>Ἀργενέῳ,</em></strong></span> <span class='ocrx_word' id='word_1_127' title='bbox 445 1578 489 1610; x_wconf 87' lang='grc' dir='ltr'><strong><em>και</em></strong></span> <span class='ocrx_word' id='word_1_128' title='bbox 479 1554 674 1629; x_wconf 79' lang='grc' dir='ltr'><strong><em>Δρακοντίδη,</em></strong></span> <span class='ocrx_word' id='word_1_129' title='bbox 692 1555 736 1610; x_wconf 84' lang='grc' dir='ltr'><strong><em>καὶ</em></strong></span> <span class='ocrx_word' id='word_1_130' title='bbox 752 1548 829 1625; x_wconf 82' lang='grc' dir='ltr'><strong><em>Φάνῳ</em></strong></span> <span class='ocrx_word' id='word_1_131' title='bbox 843 1549 936 1650; x_wconf 75' lang='grc' dir='ltr'><strong><em>τούτρι,</em></strong></span> 
     </span>
     <span class='ocr_line' id='line_1_18' title="bbox 151 1607 934 1733; baseline -0.001 -42"><span class='ocrx_word' id='word_1_132' title='bbox 151 1637 186 1710; x_wconf 75' lang='grc' dir='ltr'><strong><em>τῷ</em></strong></span> <span class='ocrx_word' id='word_1_133' title='bbox 199 1637 245 1692; x_wconf 83' lang='grc' dir='ltr'><strong><em>νύν</em></strong></span> <span class='ocrx_word' id='word_1_134' title='bbox 257 1632 299 1692; x_wconf 77' lang='grc' dir='ltr'><strong><em>ὕπ’</em></strong></span> <span class='ocrx_word' id='word_1_135' title='bbox 316 1632 396 1693; x_wconf 85' lang='grc' dir='ltr'><strong><em>αύτού</em></strong></span> <span class='ocrx_word' id='word_1_136' title='bbox 409 1633 530 1712; x_wconf 81' lang='grc' dir='ltr'><strong><em>φεύγοντι</em></strong></span> <span class='ocrx_word' id='word_1_137' title='bbox 546 1637 596 1694; x_wconf 85' lang='grc' dir='ltr'><strong><em>τών</em></strong></span> <span class='ocrx_word' id='word_1_138' title='bbox 612 1607 852 1733; x_wconf 82' lang='grc' dir='ltr'><strong><em>ψευδομαρτυριών,</em></strong></span> <span class='ocrx_word' id='word_1_139' title='bbox 873 1630 934 1690; x_wconf 85' lang='grc' dir='ltr'><strong><em>τού·</em></strong></span> 
     </span>
     <span class='ocr_line' id='line_1_19' title="bbox 151 1712 936 1818; baseline -0.001 -45"><span class='ocrx_word' id='word_1_140' title='bbox 151 1739 212 1782; x_wconf 87' lang='grc' dir='ltr'><strong><em>τους</em></strong></span> <span class='ocrx_word' id='word_1_141' title='bbox 222 1719 268 1791; x_wconf 78' lang='grc' dir='ltr'><strong><em>μὲν</em></strong></span> <span class='ocrx_word' id='word_1_142' title='bbox 285 1714 394 1790; x_wconf 80' lang='grc' dir='ltr'><strong><em>ἀφῆκεν,</em></strong></span> <span class='ocrx_word' id='word_1_143' title='bbox 416 1715 533 1784; x_wconf 75' lang='grc' dir='ltr'><strong><em>ἀκούσας</em></strong></span> <span class='ocrx_word' id='word_1_144' title='bbox 548 1714 647 1818; x_wconf 80' lang='grc' dir='ltr'><strong><em>ρύτών,</em></strong></span> <span class='ocrx_word' id='word_1_145' title='bbox 668 1717 720 1786; x_wconf 84' lang='grc' dir='ltr'><strong><em>ὅτι,</em></strong></span> <span class='ocrx_word' id='word_1_146' title='bbox 741 1739 763 1775; x_wconf 88' lang='grc' dir='ltr'><strong><em>ει</em></strong></span> <span class='ocrx_word' id='word_1_147' title='bbox 754 1712 872 1792; x_wconf 63' lang='grc' dir='ltr'><strong><em>’μηδ”</em></strong></span> <span class='ocrx_word' id='word_1_148' title='bbox 857 1739 936 1792; x_wconf 81' lang='grc' dir='ltr'><strong><em>ορκον</em></strong></span> 
     </span>
     <span class='ocr_line' id='line_1_20' title="bbox 153 1795 936 1876; baseline 0 -21"><span class='ocrx_word' id='word_1_149' title='bbox 153 1800 236 1856; x_wconf 85' lang='grc' dir='ltr'><strong><em>ταύτα</em></strong></span> <span class='ocrx_word' id='word_1_150' title='bbox 250 1798 422 1870; x_wconf 86' lang='grc' dir='ltr'><strong><em>διαιτήσουσι,</em></strong></span> <span class='ocrx_word' id='word_1_151' title='bbox 441 1797 651 1876; x_wconf 77' lang='grc' dir='ltr'><strong><em>καταγνώσονται</em></strong></span> <span class='ocrx_word' id='word_1_152' title='bbox 663 1798 709 1870; x_wconf 79' lang='grc' dir='ltr'><strong><em>τὴν</em></strong></span> <span class='ocrx_word' id='word_1_153' title='bbox 721 1795 871 1875; x_wconf 73' lang='grc' dir='ltr'><strong><em>ἐπιτροπην·</em></strong></span> <span class='ocrx_word' id='word_1_154' title='bbox 894 1800 936 1855; x_wconf 76' lang='grc' dir='ltr'><strong><em>ἐπὶ</em></strong></span> 
     </span>
     <span class='ocr_line' id='line_1_21' title="bbox 153 1878 936 1959; baseline -0.001 -21"><span class='ocrx_word' id='word_1_155' title='bbox 153 1879 253 1953; x_wconf 81' lang='grc'>(862)</span> <span class='ocrx_word' id='word_1_156' title='bbox 227 1905 272 1940; x_wconf 92' lang='grc' dir='ltr'><strong><em>τον</em></strong></span> <span class='ocrx_word' id='word_1_157' title='bbox 284 1879 412 1959; x_wconf 86' lang='grc' dir='ltr'><strong><em>κληρωτὸν</em></strong></span> <span class='ocrx_word' id='word_1_158' title='bbox 424 1884 452 1940; x_wconf 78' lang='grc' dir='ltr'><strong><em>δὲ</em></strong></span> <span class='ocrx_word' id='word_1_159' title='bbox 469 1880 597 1954; x_wconf 87' lang='grc' dir='ltr'><strong><em>διαιτητην</em></strong></span> <span class='ocrx_word' id='word_1_160' title='bbox 615 1880 713 1951; x_wconf 78' lang='grc' dir='ltr'><strong><em>ἐλθών,</em></strong></span> <span class='ocrx_word' id='word_1_161' title='bbox 730 1906 774 1940; x_wconf 92' lang='grc' dir='ltr'><strong><em>και</em></strong></span> <span class='ocrx_word' id='word_1_162' title='bbox 765 1878 889 1939; x_wconf 75' lang='grc' dir='ltr'><strong><em>υύδὲν”</em></strong></span> <span class='ocrx_word' id='word_1_163' title='bbox 873 1903 936 1953; x_wconf 82' lang='grc' dir='ltr'><strong><em>εγων</em></strong></span> 
     </span>
     <span class='ocr_line' id='line_1_22' title="bbox 154 1955 937 2042; baseline 0 -22"><span class='ocrx_word' id='word_1_164' title='bbox 154 1961 392 2022; x_wconf 78' lang='grc' dir='ltr'><strong><em>ἀπολύσασθαι</em></strong></span> <span class='ocrx_word' id='word_1_165' title='bbox 357 1987 408 2023; x_wconf 87' lang='grc' dir='ltr'><strong><em>των</em></strong></span> <span class='ocrx_word' id='word_1_166' title='bbox 417 1968 611 2042; x_wconf 70' lang='grc' dir='ltr'><strong><em>ἐγκεκλημένων,</em></strong></span> <span class='ocrx_word' id='word_1_167' title='bbox 629 1955 738 2038; x_wconf 83' lang='grc' dir='ltr'><strong><em>ώφλε</em></strong></span> <span class='ocrx_word' id='word_1_168' title='bbox 711 1989 756 2036; x_wconf 87' lang='grc' dir='ltr'><strong><em>την</em></strong></span> <span class='ocrx_word' id='word_1_169' title='bbox 769 1966 877 2021; x_wconf 89' lang='grc' dir='ltr'><strong><em>δίαιταν.</em></strong></span> <span class='ocrx_word' id='word_1_170' title='bbox 913 1963 937 2020; x_wconf 83' lang='grc' dir='ltr'><strong><em>οἱ</em></strong></span> 
     </span>
     <span class='ocr_line' id='line_1_23' title="bbox 153 2043 937 2122; baseline -0.001 -19"><span class='ocrx_word' id='word_1_171' title='bbox 153 2048 276 2104; x_wconf 90' lang='grc' dir='ltr'><strong><em>δικασταί</em></strong></span> <span class='ocrx_word' id='word_1_172' title='bbox 288 2043 346 2104; x_wconf 72' lang='grc' dir='ltr'><strong><em>δΗ</em></strong></span> <span class='ocrx_word' id='word_1_173' title='bbox 332 2044 501 2116; x_wconf 91' lang='grc' dir='ltr'><strong><em>ακούσαντες,</em></strong></span> <span class='ocrx_word' id='word_1_174' title='bbox 519 2048 555 2113; x_wconf 83' lang='grc' dir='ltr'><strong><em>είς</em></strong></span> <span class='ocrx_word' id='word_1_175' title='bbox 567 2046 612 2114; x_wconf 77' lang='grc' dir='ltr'><strong><em>οὓς</em></strong></span> <span class='ocrx_word' id='word_1_176' title='bbox 624 2049 714 2122; x_wconf 77' lang='grc' dir='ltr'><strong><em>ἐφῆκε,</em></strong></span> <span class='ocrx_word' id='word_1_177' title='bbox 727 2044 811 2105; x_wconf 79' lang='grc' dir='ltr'><strong><em>ταύτὰ</em></strong></span> <span class='ocrx_word' id='word_1_178' title='bbox 824 2047 869 2103; x_wconf 76' lang='grc' dir='ltr'><strong><em>καί</em></strong></span> <span class='ocrx_word' id='word_1_179' title='bbox 882 2049 937 2110; x_wconf 78' lang='grc' dir='ltr'><strong><em>τοίς</em></strong></span> 
     </span>
     <span class='ocr_line' id='line_1_24' title="bbox 152 2127 938 2206; baseline -0.001 -20"><span class='ocrx_word' id='word_1_180' title='bbox 152 2127 245 2188; x_wconf 89' lang='grc' dir='ltr'><strong><em>τούτου</em></strong></span> <span class='ocrx_word' id='word_1_181' title='bbox 257 2133 348 2202; x_wconf 83' lang='grc' dir='ltr'><strong><em>φίλοις,</em></strong></span> <span class='ocrx_word' id='word_1_182' title='bbox 361 2132 405 2188; x_wconf 82' lang='grc' dir='ltr'><strong><em>καὶ</em></strong></span> <span class='ocrx_word' id='word_1_183' title='bbox 417 2154 452 2206; x_wconf 84' lang='grc' dir='ltr'><strong><em>τῳ</em></strong></span> <span class='ocrx_word' id='word_1_184' title='bbox 440 2132 580 2206; x_wconf 77' lang='grc' dir='ltr'><strong><em>”διαιτητῇ</em></strong></span> <span class='ocrx_word' id='word_1_185' title='bbox 594 2133 654 2206; x_wconf 75' lang='grc' dir='ltr'><strong><em>περὶ</em></strong></span> <span class='ocrx_word' id='word_1_186' title='bbox 667 2127 751 2189; x_wconf 80' lang='grc' dir='ltr'><strong><em>αύτών</em></strong></span> <span class='ocrx_word' id='word_1_187' title='bbox 760 2131 884 2205; x_wconf 71' lang='grc' dir='ltr'><strong><em>ἔγνωσαν,</em></strong></span> <span class='ocrx_word' id='word_1_188' title='bbox 893 2130 938 2185; x_wconf 77' lang='grc' dir='ltr'><strong><em>καὶ</em></strong></span> 
     </span>
     <span class='ocr_line' id='line_1_25' title="bbox 153 2208 937 2317; baseline -0.001 -50"><span class='ocrx_word' id='word_1_189' title='bbox 153 2213 213 2268; x_wconf 81' lang='grc' dir='ltr'><strong><em>δέκα</em></strong></span> <span class='ocrx_word' id='word_1_190' title='bbox 226 2209 357 2270; x_wconf 81' lang='grc' dir='ltr'><strong><em>ταλάντων</em></strong></span> <span class='ocrx_word' id='word_1_191' title='bbox 369 2208 540 2287; x_wconf 75' lang='grc' dir='ltr'><strong><em>ἐτίμησαν,’</em></strong></span> <span class='ocrx_word' id='word_1_192' title='bbox 513 2237 543 2270; x_wconf 88' lang='grc' dir='ltr'><strong><em>ου</em></strong></span> <span class='ocrx_word' id='word_1_193' title='bbox 554 2212 592 2288; x_wconf 87' lang='grc' dir='ltr'><strong><em>μά</em></strong></span> <span class='ocrx_word' id='word_1_194' title='bbox 606 2210 649 2270; x_wconf 84' lang='grc' dir='ltr'><strong><em>Δι’</em></strong></span> <span class='ocrx_word' id='word_1_195' title='bbox 663 2210 708 2317; x_wconf 76' lang='grc' dir='ltr'><strong><em>ούγ</em></strong></span> <span class='ocrx_word' id='word_1_196' title='bbox 723 2211 762 2271; x_wconf 82' lang='grc' dir='ltr'><strong><em>ότι</em></strong></span> <span class='ocrx_word' id='word_1_197' title='bbox 773 2210 818 2270; x_wconf 82' lang='grc' dir='ltr'><strong><em>τόν</em></strong></span> <span class='ocrx_word' id='word_1_198' title='bbox 830 2208 937 2270; x_wconf 82' lang='grc' dir='ltr'><strong><em>Μιλύαν</em></strong></span> 
     </span>
     <span class='ocr_line' id='line_1_26' title="bbox 153 2283 936 2394; baseline 0.004 -46"><span class='ocrx_word' id='word_1_199' title='bbox 153 2291 317 2394; x_wconf 82' lang='grc' dir='ltr'><strong><em>ώμρλόγησεν</em></strong></span> <span class='ocrx_word' id='word_1_200' title='bbox 329 2290 393 2352; x_wconf 80' lang='grc' dir='ltr'><strong><em>εἶναι</em></strong></span> <span class='ocrx_word' id='word_1_201' title='bbox 405 2293 556 2372; x_wconf 77' lang='grc' dir='ltr'><strong><em>ἐλεύθερον,</em></strong></span> <span class='ocrx_word' id='word_1_202' title='bbox 574 2297 663 2367; x_wconf 85' lang='grc' dir='ltr'><strong><em>(τούτο</em></strong></span> <span class='ocrx_word' id='word_1_203' title='bbox 676 2299 721 2370; x_wconf 79' lang='grc' dir='ltr'><strong><em>μέν</em></strong></span> <span class='ocrx_word' id='word_1_204' title='bbox 733 2293 786 2371; x_wconf 85' lang='grc' dir='ltr'><strong><em>γάρ</em></strong></span> <span class='ocrx_word' id='word_1_205' title='bbox 800 2290 875 2352; x_wconf 77' lang='grc' dir='ltr'><strong><em>ούδὲν</em></strong></span> <span class='ocrx_word' id='word_1_206' title='bbox 886 2283 936 2365; x_wconf 88' lang='grc' dir='ltr'><strong><em>ην,)</em></strong></span> 
     </span>
     <span class='ocr_line' id='line_1_27' title="bbox 154 2371 935 2453; baseline 0.003 -23"><span class='ocrx_word' id='word_1_207' title='bbox 154 2371 239 2430; x_wconf 66' lang='grc' dir='ltr'><strong><em>ἀλλ’υ</em></strong></span> <span class='ocrx_word' id='word_1_208' title='bbox 224 2399 264 2433; x_wconf 88' lang='grc' dir='ltr'><strong><em>οτι</em></strong></span> <span class='ocrx_word' id='word_1_209' title='bbox 286 2379 465 2435; x_wconf 89' lang='grc' dir='ltr'><strong><em>πεντεκαίδεκα</em></strong></span> <span class='ocrx_word' id='word_1_210' title='bbox 487 2375 618 2437; x_wconf 87' lang='grc' dir='ltr'><strong><em>ταλάντων</em></strong></span> <span class='ocrx_word' id='word_1_211' title='bbox 640 2375 732 2445; x_wconf 88' lang='grc' dir='ltr'><strong><em>ούσίας</em></strong></span> <span class='ocrx_word' id='word_1_212' title='bbox 751 2401 796 2453; x_wconf 88' lang='grc' dir='ltr'><strong><em>μοι</em></strong></span> <span class='ocrx_word' id='word_1_213' title='bbox 817 2381 935 2434; x_wconf 85' lang='grc' dir='ltr'><strong><em>καταλει·</em></strong></span> 
     </span>
     <span class='ocr_line' id='line_1_28' title="bbox 154 2455 936 2557; baseline 0.003 -45"><span class='ocrx_word' id='word_1_214' title='bbox 154 2457 317 2530; x_wconf 86' lang='grc' dir='ltr'><strong><em>φθείσης,</em></strong></span> <span class='ocrx_word' id='word_1_215' title='bbox 292 2481 336 2516; x_wconf 88' lang='grc' dir='ltr'><strong><em>τον</em></strong></span> <span class='ocrx_word' id='word_1_216' title='bbox 345 2482 392 2557; x_wconf 88' lang='grc' dir='ltr'><strong><em>μεν</em></strong></span> <span class='ocrx_word' id='word_1_217' title='bbox 405 2456 516 2519; x_wconf 73' lang='grc' dir='ltr'><strong><em>οίκον’</em></strong></span> <span class='ocrx_word' id='word_1_218' title='bbox 488 2485 535 2520; x_wconf 88' lang='grc' dir='ltr'><strong><em>ουκ</em></strong></span> <span class='ocrx_word' id='word_1_219' title='bbox 548 2464 690 2535; x_wconf 78' lang='grc' dir='ltr'><strong><em>ἐμίσθωσε,</em></strong></span> <span class='ocrx_word' id='word_1_220' title='bbox 704 2463 765 2518; x_wconf 80' lang='grc' dir='ltr'><strong><em>δέκα</em></strong></span> <span class='ocrx_word' id='word_1_221' title='bbox 779 2455 832 2516; x_wconf 80' lang='grc' dir='ltr'><strong><em>δ”’</em></strong></span> <span class='ocrx_word' id='word_1_222' title='bbox 816 2483 860 2529; x_wconf 89' lang='grc' dir='ltr'><strong><em>ετη</em></strong></span> <span class='ocrx_word' id='word_1_223' title='bbox 870 2455 936 2533; x_wconf 85' lang='grc' dir='ltr'><strong><em>μετά</em></strong></span> 
     </span>
     <span class='ocr_line' id='line_1_29' title="bbox 155 2539 937 2644; baseline 0.003 -49"><span class='ocrx_word' id='word_1_224' title='bbox 155 2541 205 2596; x_wconf 86' lang='grc' dir='ltr'><strong><em>τών</em></strong></span> <span class='ocrx_word' id='word_1_225' title='bbox 217 2539 408 2617; x_wconf 84' lang='grc' dir='ltr'><strong><em>συνεπιτρόπων</em></strong></span> <span class='ocrx_word' id='word_1_226' title='bbox 421 2545 584 2620; x_wconf 68' lang='grc' dir='ltr'><strong><em>διαμερίσας,</em></strong></span> <span class='ocrx_word' id='word_1_227' title='bbox 596 2543 663 2620; x_wconf 90' lang='grc' dir='ltr'><strong><em>πρός</em></strong></span> <span class='ocrx_word' id='word_1_228' title='bbox 675 2546 720 2619; x_wconf 82' lang='grc' dir='ltr'><strong><em>μὲν</em></strong></span> <span class='ocrx_word' id='word_1_229' title='bbox 733 2541 779 2614; x_wconf 77' lang='grc' dir='ltr'><strong><em>τὴν</em></strong></span> <span class='ocrx_word' id='word_1_230' title='bbox 792 2544 937 2644; x_wconf 82' lang='grc' dir='ltr'><strong><em>συμμρρίαν</em></strong></span> 
     </span>
     <span class='ocr_line' id='line_1_30' title="bbox 154 2619 936 2701; baseline 0.003 -23"><span class='ocrx_word' id='word_1_231' title='bbox 154 2619 219 2699; x_wconf 81' lang='grc' dir='ltr'><strong><em>ύπερ</em></strong></span> <span class='ocrx_word' id='word_1_232' title='bbox 236 2620 361 2688; x_wconf 72' lang='grc' dir='ltr'><strong><em>παιδδς”</em></strong></span> <span class='ocrx_word' id='word_1_233' title='bbox 346 2647 419 2692; x_wconf 91' lang='grc' dir='ltr'><strong><em>οντος</em></strong></span> <span class='ocrx_word' id='word_1_234' title='bbox 436 2627 498 2701; x_wconf 78' lang='grc' dir='ltr'><strong><em>ἐμού</em></strong></span> <span class='ocrx_word' id='word_1_235' title='bbox 514 2629 588 2684; x_wconf 77' lang='grc' dir='ltr'><strong><em>πέντε</em></strong></span> <span class='ocrx_word' id='word_1_236' title='bbox 603 2628 670 2701; x_wconf 82' lang='grc' dir='ltr'><strong><em>μνός</em></strong></span> <span class='ocrx_word' id='word_1_237' title='bbox 688 2621 838 2692; x_wconf 76' lang='grc' dir='ltr'><strong><em>συνετάξατ’</em></strong></span> <span class='ocrx_word' id='word_1_238' title='bbox 855 2625 936 2698; x_wconf 82' lang='grc' dir='ltr'><strong><em>εἲςφέ-</em></strong></span> 
     </span>
     <span class='ocr_line' id='line_1_31' title="bbox 155 2703 939 2784; baseline 0 -22"><span class='ocrx_word' id='word_1_239' title='bbox 155 2725 219 2782; x_wconf 86' lang='grc' dir='ltr'><strong><em>ρειν,</em></strong></span> <span class='ocrx_word' id='word_1_240' title='bbox 237 2703 349 2783; x_wconf 79' lang='grc' dir='ltr'><strong><em>ὅσονπερ</em></strong></span> <span class='ocrx_word' id='word_1_241' title='bbox 364 2706 525 2783; x_wconf 66' lang='grc' dir='ltr'><strong><em>Τιμόθεος’</em></strong></span> <span class='ocrx_word' id='word_1_242' title='bbox 511 2705 672 2777; x_wconf 83' lang='grc' dir='ltr'><strong><em>οΚόνωνος,</em></strong></span> <span class='ocrx_word' id='word_1_243' title='bbox 690 2710 734 2766; x_wconf 82' lang='grc' dir='ltr'><strong><em>καὶ</em></strong></span> <span class='ocrx_word' id='word_1_244' title='bbox 745 2709 771 2766; x_wconf 83' lang='grc' dir='ltr'><strong><em>σί</em></strong></span> <span class='ocrx_word' id='word_1_245' title='bbox 783 2705 817 2765; x_wconf 78' lang='grc' dir='ltr'><strong><em>τά</em></strong></span> <span class='ocrx_word' id='word_1_246' title='bbox 828 2710 939 2784; x_wconf 71' lang='grc' dir='ltr'><strong><em>μέγιστα</em></strong></span> 
     </span>
    </p>
   </div>
   <div class='ocr_carea' id='block_1_3' title="bbox 63 2856 260 2928">
    <p class='ocr_par' dir='ltr' id='par_1_3' title="bbox 63 2856 260 2928">
     <span class='ocr_line' id='line_1_32' title="bbox 63 2856 260 2928; baseline 0 0"><span class='ocrx_word' id='word_1_247' title='bbox 63 2856 260 2928; x_wconf 66' lang='grc' dir='ltr'><strong>Α</strong></span> 
     </span>
    </p>
   </div>
   <div class='ocr_carea' id='block_1_4' title="bbox 0 0 996 3114">
    <p class='ocr_par' dir='ltr' id='par_1_4' title="bbox 0 0 996 3114">
     <span class='ocr_line' id='line_1_33' title="bbox 0 0 996 3114; baseline 0 0"><span class='ocrx_word' id='word_1_248' title='bbox 0 0 996 3114; x_wconf 95' lang='lat' dir='ltr'><strong><em> </em></strong></span> 
     </span>
    </p>
   </div>
  </div>
 </body>
</html>
