1972 3114
26 40 30 119 λ

67 237 106 280 880.
292 218 390 267 ΠΡΟΣ
413 220 586 269 ΟΝΗΤΟΡΑ
607 223 633 269 Β.
808 219 856 270 239

65 319 212 386 αἰδικοῦντες
230 322 375 387 σκοποῦσι,
398 322 425 377 τί
439 324 567 390 λέξουσιν,
588 324 632 379 κοιλ
654 318 738 386 οὐδεὶς
755 315 854 378 πώποτ’

65 407 128 479 ὦφλε
141 406 258 472 σιωπῶν,
272 399 331 462 οὐδ’
347 399 442 461 ἀδικεῖν
456 402 600 480 ὁμολογῶν·
623 400 676 461 ἀλλ’
692 400 845 472 ἐπειδάν,ἵ
818 428 855 460 οι-

62 514 121 591 μαι,
128 488 212 588 μηδὲν
226 484 327 587 ἀληθὲς
340 489 432 589 λέγων
431 490 587 590 ἐξελεγχθῆ,
603 484 662 544 τότε
676 509 857 586 γιγνωσκεται,

64 569 153 637 ὁποῖός
166 569 276 628 ἐστιν.
268 569 332 645 σ’περ
344 573 388 627 καὶ
400 593 477 635 ουτος
490 572 575 672 ἔμοιγε
588 571 658 627 δοκεῖ
669 592 788 642 πασχειν.
802 573 858 627 ἐπει

14 674 17 707 s
61 660 133 732 φὲμε,
153 655 210 718 πῶς
222 660 278 711 ἐστι
270 655 402 720 δίκαιον,
420 651 465 710 ἐὰν
480 657 527 727 μὲν
543 649 703 728 αγδοήκοντα
718 655 789 727 μνῶν
800 656 857 728 θῇς

12 758 14 765 ·
62 739 148 815 ὅρους,
162 733 326 812 ὄγδοηκονια
338 737 405 811 μνᾶς
417 732 539 805 εἶναιτὴν
551 741 656 811 προῖκα,
670 733 715 793 ἐαν
728 737 755 793 δὲ
767 740 855 793 πλείο-

59 845 116 889 νος,
129 824 234 887 πλεῖον,
247 817 292 876 ἐὰν
305 821 332 875 δὲ
344 817 489 886 ἐλάττονος,
508 820 627 887 ἔλαττονς
650 817 667 889 ἢ
680 821 735 885 πῶς
748 821 804 877 ἐστὶ
816 820 854 875 δι’-

60 928 150 971 καιον,
164 905 211 973 τῆς
229 900 342 975 σἰδελφῆς
358 904 405 972 τῆς
422 903 470 972 σῆς
486 903 590 975 μηδέπω
607 903 651 957 καὶ
664 899 772 978 τήμερον
786 899 855 977 ἄλλῳ

60 983 248 1056 συνοικούσης,
272 981 334 1058 μηδ’
359 981 554 1086 ἀπηλλαγμένης
569 981 712 1087 Ἆφββου,
720 987 784 1059 μηδὲ
809 984 856 1056 τὴν

59 1093 160 1147 προικοι
178 1067 321 1132 δεδωκότος
339 1070 401 1135 σοῦ,
419 1065 510 1141 μηδΗ
496 1070 562 1142 υπὲρ
580 1065 677 1125 τούτων
690 1069 726 1133 εἷς
738 1066 856 1142 βάσανον

17 1174 20 1191 ·
58 1150 122 1254 μηδ
139 1175 175 1217 εις
189 1150 253 1209 α’ἔλλο
266 1154 365 1208 δίκαιον
376 1152 455 1225 μηδὲν
460 1147 640 1256 καταφεύγειν
652 1149 830 1218 ἐθελοντος,”
815 1175 855 1208 οτι

60 1262 96 1294 συ
111 1259 209 1307 στησαι
222 1233 275 1310 φῂς
288 1233 372 1310 ὅρους,
388 1231 435 1291 σὸν
448 1256 512 1290 earm
525 1232 554 1290 τὸ
566 1237 673 1310 χωρίονς
688 1232 738 1310 ἐγὼ
749 1238 796 1309 μὲν
809 1230 854 1291 ού-

61 1315 198 1395 δαμῶς
170 1340 252 1393 οιμαι·
275 1341 322 1391 την
337 1339 390 1394 γαρ
410 1313 539 1387 αλήθειαν
557 1321 692 1386 σκεπτέον,
714 1313 761 1390 οδχ
782 1316 856 1382 ἅτις

61 1403 146 1477 εαυτῷ
163 1398 361 1478 παρεσκεύασεν
382 1402 603 1472 ἐξεπίτηδες)
541 1407 603 1472 (880)
623 1401 658 1466 εἰς
676 1399 706 1459 τὸ
728 1405 809 1477 λέγειν
831 1424 855 1457 τι

61 1483 195 1553 δοκεῖν,“
175 1508 258 1568 ωςιιερ
276 1483 354 1558 ὑμεῖς.
389 1485 476 1541 ἔπειτα
493 1507 523 1542 το
514 1481 694 1541 δεινότατον
719 1485 740 1541 εἰ
753 1508 797 1541 και
789 1485 852 1540 δε-

19 1619 22 1624 ,
62 1567 206 1635 δωκότες’
191 1591 236 1639 ητα
254 1565 289 1633 ὥς
306 1564 420 1667 μάλιστμ
438 1590 485 1637 την
484 1572 606 1674 πρφῖκα,
622 1591 655 1637 ην
673 1591 704 1624 ου
693 1563 854 1634 δεδώκατε,

61 1657 99 1719 τίς
113 1651 129 1711 ὅ
143 1649 241 1710 τούτων
254 1657 351 1720 αἶ’τιοςς
377 1647 425 1722 ούγ
437 1649 516 1750 ὑμεῖς,
533 1652 589 1708 επεὶ
605 1646 676 1754 τάμὰ
695 1651 779 1719 εδοτες
807 1645 854 1721 οὗχ

61 1736 161 1801 ὅλοις”
145 1757 213 1793 ετεσι
225 1732 352 1811 πρότερον
365 1730 470 1791 δέκα
438 1756 511 1808 ταμα
501 1729 648 1808 λαβὼν
623 1755 688 1804 ειχεν
701 1737 807 1800 ἐκεῖνος,
819 1723 854 1790 ὧν

61 1810 172 1893 ὦφλε
144 1842 191 1889 την
204 1815 314 1889 δίκην,”
297 1842 313 1889 η
327 1815 452 1917 κηδεφτήν
465 1840 507 1873 σοι
519 1813 690 1892 ym'fflau'*
673 1839 689 1885 η
704 1819 733 1873 σὲ
745 1819 791 1888 μὲν
805 1817 854 1873 ἴδει

61 1907 232 1978 κομίσασθαι
249 1924 335 1958 παντο
341 1943 349 1968 ,
366 1899 412 1958 τὸν
431 1902 458 1957 δὲ
475 1924 520 1958 και
512 1896 792 1973 καταδικασάμενον,
810 1900 854 1955 και

61 1985 94 2045 δι
112 1983 241 2063 ορφανλαν
252 1981 407 2058 ηδικηγιὲνον,
421 1985 466 2041 καὶ
478 1981 586 2058 προικὸς
600 1977 755 2053 ἆληθινῆς’
742 2001 852 2037 αττεστε-

62 2073 225 2172 φημένον,
201 2067 231 2126 ὃν
243 2064 324 2142 μόνον
337 2063 487 2166 ἆνθφώπων
500 2063 601 2123 οὐδὲ
571 2089 616 2136 της
629 2068 768 2139 ἐπωβελίας
781 2059 854 2130 α’ξιον

60 2177 91 2224 ην
111 2149 275 2217 κινδυνεύειν,
301 2147 599 2226 ἠναγκασθαιτοιαυτα
612 2155 725 2217 παθεῖν,
751 2170 852 2220 κεκομι-

62 2241 154 2311 σμένον
166 2230 257 2311 μηδἐ
245 2236 339 2301 οτιούν,
353 2258 397 2290 και
410 2257 476 2290 ιαυτ
473 2229 624 2290 ’ἐθελονια
636 2238 719 2291 ποιεῖν
731 2231 790 2307 υμῖν
805 2229 852 2289 αύ-

61 2326 122 2390 τοῒς,
136 2325 196 2378 εἴτι
208 2319 259 2376 τῶν
273 2314 380 2375 δεόντων
392 2313 542 2392 η’βούλεσθε
555 2312 677 2391 πράττειν
681 2343 690 2384 3
