1972 3114
149 213 199 288 ειο
404 218 686 270 Δεωοτοταοετ
888 231 936 275 αι.

210 318 281 417 Περὶ
297 320 381 376 τοίνυν
399 319 445 389 τῆς
461 317 587 384 ἐκδόσεως
603 321 648 377 καὶ
664 319 715 376 τόν
728 317 879 375 κλινοποιῶν
893 318 938 375 καί

148 424 195 458 του
183 398 315 477 ”σιδήροο
327 403 372 458 καλ
383 425 429 459 του
417 399 688 503 καταλειφθέντος”
673 406 734 476 ημῖν
744 399 880 473 ἐλέφαντος
891 402 938 457 καί

148 485 194 554 τῆς
207 484 357 560 προικὸς
326 506 371 554 της
384 480 528 557 ἀδελφῆς,
512 508 544 554 ην
557 473 632 549 οὗτος
643 481 829 556 καθυφεῖκεν
815 505 880 558 υπερ
889 483 936 541 τού

149 591 193 625 και
185 569 267 638 (855)
281 562 360 631 αύτός
372 567 443 638 ἔχειν,
453 565 506 625 όσα
519 564 686 643 βούλοιτο
651 589 702 624 των
714 561 812 672 ἐμεῖν,
798 562 937 647 ακούσατε,

149 674 194 707 και
185 644 378 715 σκοπεῖθ’,ζ
359 673 395 714 ως
406 646 543 714 δικαίως’
522 673 537 706 τ
559 646 668 721 ωφληκε,
691 671 736 706 και
727 645 850 706 οάδὲν’
835 671 866 718 ην
879 657 935 705 Μι-

149 730 213 790 λύαν
225 734 285 807 περί
297 727 394 789 τούτων
405 733 583 806 βασανιστέον.
603 734 663 806 περὶ
671 734 721 830 μὲν
732 730 785 806 γὰρ
799 753 833 787 ων
847 736 935 788 καθυ-

149 820 248 888 φεῖκας,
256 811 334 887 νόμος
346 814 401 870 ἔστι
414 812 581 918 διαρρήδην,“
567 837 597 880 ος
608 811 702 871 κελεύει
714 836 745 870 σε
759 812 851 886 ὁμοίως
861 810 937 918 ἀφλε-

151 894 261 964 σκόνειν,
274 894 358 972 ὥςπερ
371 894 404 953 ἀν
418 893 498 961 αὐτὸς
510 899 580 972 ἰχης·
603 895 666 962 ω’ςτε
677 898 750 953 τῖ’
715 920 750 971 τῳ
763 894 833 970 νόμῳ
846 898 890 953 καὶ
903 897 937 970 τῇ

152 1023 271 1136 Ξούθρί,
287 1085 332 1119 και
323 1059 579 1136 διανεμόμενοι
550 1086 583 1118 τα
597 1059 734 1163 χρήματα,
754 1064 799 1118 καί
812 1060 859 1125 τός
871 1084 937 1136 συρ-

150 1143 257 1222 ρραφάς
270 1141 413 1213 ἀνελόντες,
439 1168 484 1202 και
475 1142 594 1213 πάνθ’,
621 1143 651 1203 όν
663 1142 768 1221 τρόπον
780 1141 937 1218 ἠβούλεσθε,

150 1223 404 1296 κατασκευάσαντες,
422 1251 467 1309 και
458 1225 722 1328 διαφθείραντες
692 1251 725 1284 τα
739 1223 888 1333 γράμμαθ’,
903 1224 938 1291 ὦς

149 1310 221 1385 ὖμοῖν
241 1308 364 1386 δΔήμων
377 1308 574 1388 κατεμαρτύρει,
594 1314 752 1416 φενακίζετε
755 1312 799 1366 καί
816 1310 939 1367 τουτουσὶ

150 1391 396 1470 παρακρούσασθαι
415 1399 515 1464 ζητεῖτε.
548 1417 607 1469 περι
598 1394 752 1452 τοίνυν
717 1416 768 1451 των
780 1392 938 1459 κλινοποιῶν,

150 1477 172 1534 εἰ
185 1501 218 1534 συ
209 1472 343 1550 λαβεῖν’
329 1473 452 1577 αργύριον
465 1500 509 1534 και
500 1474 604 1535 πολλά
617 1478 670 1550 ἰδίᾳ
683 1473 838 1552 κερδάνας’
825 1477 867 1533 επὶ
884 1480 939 1540 τοῖς

151 1565 220 1634 εμοῖς
241 1557 411 1627 δανείζων,
397 1582 427 1616 ον
444 1561 488 1617 καὶ
506 1557 567 1624 τούς
586 1557 677 1624 ἀλλους
698 1560 809 1634 προςῆκε
827 1555 939 1624 κωλύειν,

151 1637 193 1698 εἰτ’
210 1638 316 1742 ἀφανεῖς
328 1645 482 1712 πεποίηκας,
504 1645 531 1698 τί
546 1666 590 1700 σοι
606 1639 749 1713 ποιήσωσιν
762 1642 786 1698 οῖ
797 1638 938 1716 μάρτυρες,Ι

153 1720 183 1781 οά
196 1722 249 1825 ράρ
263 1714 336 1781 ούτοί
343 1746 375 1799 με
386 1723 622 1800 μεμαρτυρήκασιν,
635 1724 670 1789 εἰς
683 1723 817 1800 ὁμολογεῖς
830 1726 872 1782 ἐπὶ
885 1728 940 1787 τοῖς

63 1810 65 1813 ’
152 1811 231 1912 ἐμοῖς
233 1807 358 1874 δανείζειν,
371 1831 415 1864 και
406 1808 512 1882 λαβεῖν
525 1804 727 1884 τάνδράποδα
709 1830 743 1872 ως
757 1805 868 1875 σαυτόν,
882 1800 936 1862 ἀλλ’

152 1895 178 1947 ἐν
196 1891 231 1964 τῷ
249 1887 316 1965 λόγῳ
335 1885 402 1948 τοάτ’
418 1891 537 1967 ἰμραφας
554 1889 601 1959 σύ,
624 1887 855 1965 κατεμαρτύρησαν
873 1889 940 1945 δὲι
914 1912 940 1945 οι

150 1970 285 2049 μάρτυρες.
320 1968 428 2028 ἀλλά
397 1995 448 2046 μην
459 1976 520 2049 περί
529 1995 561 2049 με
573 1997 619 2031 του
607 1974 769 2076 ἐλέφαντος
780 1973 824 2029 καὶ
837 1973 883 2030 τού
897 1995 938 2028 σι-

152 2053 243 2131 δήρου,
261 2051 363 2121 πάντας
380 2056 461 2131 ἔφαντ’
477 2079 543 2131 φημι
558 2055 619 2123 τούς
632 2056 731 2121 οἰκέτας
744 2056 836 2112 εἰδέναι
847 2056 940 2112 τούτων

151 2139 294 2238 πωλοῦντα,
303 2161 348 2195 και
339 2140 523 2214 παραδοῦναι
536 2141 581 2196 καλ
592 2136 651 2196 τότε
664 2141 708 2196 καί
720 2141 765 2195 νῦν
777 2133 921 2206 ἤθελον’
890 2161 938 2194 αυ-

151 2222 186 2294 τῷ
200 2217 296 2278 τούτων
309 2218 395 2279 ὅντινα
407 2219 525 2297 βούλοιτο
539 2223 624 2297 λαβὼν
637 2223 790 2296 βασανίζειν.
820 2221 842 2277 εἰ
855 2223 941 2278 τοίνυν

151 2300 229 2375 φήσει
241 2325 285 2376 με,
306 2301 351 2360 τὸν
364 2301 450 2362 εἰδότα
464 2301 510 2362 οάκ
523 2307 649 2362 ἐθέλοντα
663 2305 780 2362 ἐκδοῦναι
785 2347 793 2371 ,
815 2301 876 2368 τούς
894 2298 940 2360 οάκ

152 2382 254 2449 εἰδότας
271 2383 409 2454 ἐκδιδόναι,
435 2385 501 2445 πολὺ
520 2386 551 2457 δὴ
567 2388 665 2463 μᾶλλον
688 2384 758 2460 αύτῷ
778 2387 941 2462 παραλαβεῖν

152 2463 297 2540 φανήσεται
314 2470 454 2542 πρσςῆκσν·
476 2471 498 2527 εἰ
511 2468 576 2546 γάρ,
596 2469 642 2535 οὓς
654 2468 689 2535 ὧς
701 2467 802 2534 εἰδότας
814 2470 941 2536 ἰξεδίδουν

152 2546 211 2625 ἐμοί,
223 2549 300 2622 μηδὲν
314 2550 378 2620 ἐραν
391 2553 494 2625 ἔφασαν
507 2551 604 2610 τούτων
618 2550 708 2620 αὐτόν,
729 2548 879 2622 ἀπήλλακτο
893 2548 939 2622 δή·

151 2638 256 2689 πουθεν
271 2628 303 2687 ἀν
316 2634 361 2702 τῆς
375 2635 466 2700 αἰτίας.
501 2630 554 2691 ἀλλ’
571 2632 627 2707 οάχί
639 2632 756 2693 τοιοῦτόν
773 2639 855 2702 ἐστιν,
874 2629 941 2690 ἀλλά

152 2715 245 2789 σαφῶς
264 2710 296 2770 ἀν
314 2719 457 2792 ἐξηίερχθη
474 2719 565 2775 πωλῶν
582 2720 627 2775 καί
644 2716 689 2789 τὴν
703 2715 776 2793 τιμὴν
789 2719 939 2792 κεκομισμέ-
