1972 3114
96 222 128 271 14
334 220 616 273 ΔΗΜΟΣΘΕΝΟΥΣ
837 235 884 280 633.

137 325 283 387 κτείναντα,
301 326 397 387 ἐντοῖς
415 319 502 388 αιἰτοῖς
519 326 668 396 ἐνεγεσθασ
690 319 885 398 διαγιγνώσκειν

139 406 165 460 δε
177 426 239 469 τους
252 407 368 475 ἐφέτας.“

160 487 269 544 Τουτσνὶ
281 487 320 542 δεῖ
329 491 428 561 μαθεῖν
438 477 556 562 ὖμάς,
537 513 558 546 ω
571 483 680 565 ἀνδρες’
678 492 820 558 Αθηναῖοι,
838 485 884 545 τόν

95 568 211 645 νόμον,τ
196 564 289 626 τίποτ
301 566 446 644 ε’βοόίεθΗ
432 573 531 636 οθεί·ς
547 567 652 648 ὄψεσθε
663 569 725 647 γόρ,
739 569 773 636 ὥς
788 567 879 627 ἅπαντ’

96 649 210 726 εὐλαβῶς
228 648 330 727 διώρισε
346 653 390 709 καὶ
392 657 528 760 νομίμως.
561 651 606 711 ἐόν
623 677 661 719 τις
680 649 862 753 ἀποκτείνῃ
835 675 883 710 τον

96 731 270 810 ἀνδροφόνον,
283 732 405 807 φησίν,
388 757 403 804 η
418 741 499 801 αἴτιος
511 726 528 811 ᾗ
541 733 630 809 φόνου,
644 732 802 810 ἀπεχόμενον
816 731 881 835 ἀγο-

95 818 144 893 ρᾶς
157 818 275 891 ἐφορίας,
290 839 334 873 και
326 814 447 884 ἄθλων,
460 820 505 875 καί
516 820 588 895 ἱερόν
598 814 818 893 Ἀμφικτυονικῶν,
833 815 881 883 τός-

95 920 143 975 περ
156 897 202 956 τόν
212 895 352 968 Ἀθηναίων
365 903 509 968 κτείναντα,
528 907 554 959 ἐν
567 906 620 966 τοῖς
634 898 722 966 αότοῒς
736 903 881 972 ἐνέχεσθαι,

95 978 289 1058 διαγιγνώσκειν
303 983 330 1038 δι’
342 979 403 1048 τοδς
416 986 514 1055 ἐφέτας.
527 987 554 1041 τί
564 981 595 1055 δὴ
608 980 679 1042 ταῦτ’
693 986 776 1052 ἐστίνς
789 988 882 1048 ἐκεῖνος

95 1062 172 1141 ᾤετο,
198 1061 242 1122 τόν
254 1062 402 1141 πεφευγότα
420 1061 457 1122 ἐπ’
473 1065 542 1139 αἰτίᾳ
560 1063 655 1139 φόνου,
681 1068 725 1124 καί
742 1063 881 1134 ἑαλωκότα,

95 1146 189 1224 ἐόνπερ
202 1145 274 1213 ἀπαξ
287 1145 386 1224 ἕκφόγῃ
400 1150 445 1206 καί
458 1150 546 1224 σωθῇ,
556 1154 647 1225 εἴργειν
655 1153 701 1225 μὲν
713 1151 759 1220 τῆς
769 1151 816 1207 τοῦ
827 1172 880 1206 πα-

95 1229 195 1295 θόντος
216 1232 341 1307 πατρίδος
362 1232 461 1290 δίκαιον
478 1229 554 1300 εἶναι,
580 1237 683 1289 κτείνειν
700 1228 772 1290 δὲ
745 1256 792 1303 συγ
809 1230 882 1290 όσιον

96 1312 257 1385 ἁπανταχοῦ.
291 1318 318 1371 τί
333 1317 453 1382 σκοπῶνς
475 1313 515 1373 ότι
532 1318 577 1372 καὶ
589 1313 651 1381 τοὺς
663 1315 739 1392 δεῦρο
750 1313 880 1390 πεφευγό-

96 1420 151 1464 τας,
165 1392 210 1454 ε’ἀν
223 1393 294 1470 ἡμεῖς
306 1395 368 1462 τοδς
362 1401 484 1501 ἑτέρωσε
497 1393 710 1474 ἀποκτιννύωμεν,
724 1394 880 1455 ἀποκτενοό-

97 1503 137 1536 σιν
150 1480 237 1555 ἕτερον.
252 1500 275 1535 ει
266 1480 316 1535 ’δὲ
327 1476 395 1536 τοῦτ’
412 1482 493 1549 ἔσται,
505 1478 521 1552 6
534 1478 600 1556 μόνη
612 1478 687 1551 λοιπὴ
700 1485 755 1546 τοῖς
768 1476 879 1552 ἀτυχοῦ-

96 1586 137 1619 σιν
155 1560 240 1618 ἀπασι
258 1565 371 1636 σωτηρία
386 1561 608 1640 διαφθαρήσεται.
643 1559 735 1621 ἔστιδ’
752 1561 817 1633 αὕτη
830 1567 881 1630 τι’ς,·

95 1649 122 1700 ἐκ
140 1645 185 1707 τῆς
203 1645 253 1699 τῶν
270 1643 443 1702 πεπονθότων
451 1644 623 1752 μεταστάντα
637 1646 672 1709 εἰς
684 1643 729 1747 τίρ
743 1648 793 1702 τῶν
774 1647 882 1746 μηδὲν

93 1722 247 1798 ἠδικημένων
260 1721 341 1791 ἀδεῶς
352 1734 484 1801 μετοικεῖν.
518 1731 561 1787 ‘iva
576 1725 651 1799 δὴ
619 1752 655 1803 μη
673 1729 753 1786 τοῧτο
768 1718 799 1804 ᾗ,
817 1725 878 1803 μηδ’

96 1804 235 1883 ἀπέραντοι
246 1809 296 1865 τόν
310 1804 472 1883 ἀδικημάτων
485 1835 513 1867 αι
504 1812 682 1887 ε’τιμωρίαι
649 1834 792 1887 γιγνωνται,
802 1811 879 1887 6796-

93 1911 155 1967 φεν·
177 1887 222 1947 ίάν
234 1913 272 1956 τις
287 1888 334 1949 τόν
351 1889 510 1999 ἀνδροφόνον
527 1898 623 1968 κτείνγ,
642 1890 811 1967 ἀπεχόμενον,
829 1917 880 1967 φη-

95 1977 144 2042 σίν,
159 1969 258 2050 ἀγσράς
273 1977 386 2050 ἐφορίας
420 1979 447 2032 τί
463 1976 540 2038 τοῦτσ
560 1979 652 2051 ίόγωνς
673 1977 724 2033 τῶν
741 1974 817 2052 ὁρίων
835 1979 881 2044 τῆς

92 2054 191 2132 χώρας
214 2058 331 2115 ἐνταῦθα
343 2053 404 2133 γάρ,
416 2055 452 2123 ὥς
463 2054 487 2135 γ’
503 2058 559 2133 ἐμοὶ
571 2054 690 2128 δοκει,’
660 2081 773 2158 ταργαια
786 2079 878 2131 συνῃσ-

95 2164 146 2197 σαν
159 2163 184 2198 οι
189 2137 343 2240 πρόςχωροι
351 2138 426 2216 παρό
439 2165 467 2200 τε
479 2139 550 2215 ἡμῶν
562 2143 667 2200 καὶτῶν
685 2137 879 2215 ἀστυγειτόνων,

95 2219 197 2280 όθεν’
180 2221 311 2296 ωνόμακεν
328 2220 428 2318 ἀγρράν
441 2227 566 2331 ἐφορίαν.
588 2249 632 2282 και
623 2221 742 2281 πάλιν“
732 2243 806 2296 ιερων
817 2217 877 2320 Ἀμ-

94 2307 267 2378 φικτυσνικῶν.
302 2309 329 2363 τί
343 2299 376 2374 δή
388 2329 451 2364 ποτε
464 2309 508 2364 και
520 2305 616 2365 τοότων
631 2301 802 2402 ἀπόκίειρε
775 2326 821 2360 τον
833 2300 878 2361 ἀν-

95 2384 265 2487 δροφόνον,·”
251 2411 318 2446 οσων
331 2413 366 2465 τῳ
355 2387 497 2448 ’παθόντι
509 2392 581 2458 ζῶντι
588 2388 678 2489 μετῆν,
691 2383 789 2444 τούτοιν
802 2391 879 2463 είργει

94 2469 140 2528 τὸν
154 2468 308 2546 δεδρακότα·
324 2479 387 2544 (633)
399 2474 499 2579 πρῶτον
512 2476 558 2548 μὲν
569 2474 615 2542 τῆς
627 2470 759 2546 πατρίδος,
771 2472 816 2527 καί
829 2473 879 2527 τῶν

95 2559 121 2610 εν
133 2577 214 2629 ταυτῃ
227 2550 342 2621 πόντων,
368 2555 513 2624 καίόσίων,
538 2557 583 2612 καὶ
597 2555 683 2630 ἱερῶν,
708 2550 755 2623 τὴν
771 2555 878 2629 ἐφορίαν

95 2633 195 2712 ἀγορόιν
209 2634 270 2712 όρσν
282 2635 462 2712 προςγρόφας,
470 2629 501 2707 ἧς
513 2640 655 2743 είργεσθαί
665 2658 774 2709 φησιν,ε
761 2631 863 2693 εἶτα
828 2657 879 2718 των

95 2720 168 2796 ἱερῶν
184 2721 234 2778 τόν
249 2724 277 2776 ἐν
289 2715 480 2793 Ἀμφικτύοσιν·
502 2721 546 2778 καὶ
562 2719 615 2798 γὰρ
633 2717 740 2788 τούτων,
761 2720 832 2797 είπερ
849 2709 880 2789 ἦν
