1972 3114
145 197 194 248 130
392 200 676 250 ΔΗΜΟΣΘΕΝΟΥΣ
884 216 932 262 755,

172 304 176 318 ι
255 294 317 317 δῖ’,

145 322 225 374 μερων
238 322 283 355 ουτ
305 302 428 375 ολίμωρος
439 299 520 365 οὑτως
533 305 601 358 ἐστίν
606 344 613 369 ,
628 299 693 367 ὑςτις
705 299 762 375 οὐχί
776 300 933 376 βοηθήσειεν

147 380 187 450 άν,
201 378 264 438 καθ’
281 379 344 438 ὅσον
357 380 471 440 δὺναται.
489 384 512 440 εἰ
525 384 551 439 δέ
564 381 594 454 δή
606 407 644 448 τις
656 389 724 442 εῖποι
736 381 885 460 παρελθών,
899 385 933 450 ὦς

146 463 162 522 ὑ
174 462 280 528 τούτους
293 460 376 537 άφιείς
390 472 458 522 ἐστιν
470 463 572 534 οὑτοσί,
591 463 650 523 οὑδὲ
662 464 742 542 λόγου
754 465 837 539 τυχών
850 464 934 532 εὑθὺς

147 545 180 603 άν
198 544 331 618 ἀπαχθεὶς
346 545 458 621 θανάτῳ
477 552 623 622 ζημιωθείη.
656 550 701 606 νὺν
716 553 799 607 τοίνυν
817 551 892 622 ἔχετε,
912 541 932 606 ὦ

148 625 238 705 ἄνδρες
247 625 391 699 Ἀθηναῖοι,
404 631 505 698 τοῦτον,
520 629 549 696 ὃς
563 628 619 703 οὑχί
631 629 723 707 λάθρᾳ
736 635 858 701 πεποίηκε
869 634 930 689 τοὺ-

147 735 177 769 το
184 754 191 778 ,
210 707 276 767 άλλά
289 715 432 785 φενακίσας
443 713 487 768 καί
499 711 747 790 παρακρουσάμενος
759 712 840 788 ὑμαῖς,
852 712 932 787 νόμον

147 798 248 853 τέθεικε
255 799 317 864 (7⁶5)
326 795 450 870 φανερῶς,
460 793 489 860 ὃς
501 791 548 853 οὑκ
561 793 693 871 ἀνοίγνυσι
706 794 736 854 τὸ
751 794 930 871 δεσμωτήριον,
943 831 948 844 1

148 873 213 931 οῖλλδ
234 880 369 952 καθαιρεῖ,
386 881 595 952 προσπεριείληφε
613 881 640 934 δέ
657 881 701 935 καί
718 877 751 935 τά
769 877 930 954 δικαστήρια.

147 961 186 1023 τίς
197 955 250 1033 γάρ
264 956 280 1026 ἢ
294 956 390 1016 τούτων
401 958 419 1029 ἢ
432 963 531 1016 ἐκείνων
539 964 627 1036 χρεία,
648 959 711 1018 ὅταν
716 1002 724 1028 ,
744 955 783 1026 οἷς
799 963 931 1034 τετίμηται

148 1041 253 1125 δεσμοῦ,
266 1039 381 1109 λύωνται,
391 1038 439 1099 κάν
450 1040 480 1099 τὸ
493 1042 583 1100 λοιπὸν
594 1042 716 1118 τιμήσητέ
725 1066 770 1117 τῳ,
782 1045 860 1119 μηδέν
872 1041 931 1117 ὑμῖν

146 1123 164 1199 ᾗ
177 1128 264 1179 πλεῖον
269 1149 277 1194 5
789 1136 790 1139 ’

210 1211 257 1263 Δεῖ
273 1210 356 1264 τοίνυν
372 1204 440 1281 ὑμεῖς
457 1200 557 1266 κάκεῖνο
575 1214 693 1277 σκοπεῖν,
720 1206 760 1266 ὑτι
777 1211 868 1266 πολλοὶ
882 1209 931 1265 τῶν

144 1285 266 1359 Ἑλλήνων
282 1287 405 1354 πολλάκις
420 1290 484 1348 είσίν
501 1295 667 1368 ἐψηφισμένοι
687 1297 740 1356 τοῖς
760 1290 847 1364 νόμοις
864 1292 930 1366 χρή-

149 1377 218 1429 σθαι
230 1377 284 1436 τοῖς
295 1370 431 1446 ὑμετέροις,
444 1369 482 1447 ἐφ’
498 1365 518 1448 ᾧ
530 1379 711 1448 φιλοτιμεῖσθε
722 1372 800 1445 ὑμεῖς,
815 1371 929 1437 εἲκότως·

147 1452 163 1512 ὑ
176 1452 229 1530 μὰρ
242 1455 319 1511 εἰπεῖν
331 1452 388 1510 τινά
401 1478 483 1527 φασιν
495 1463 521 1513 έν
532 1455 598 1531 ὑμῖν,
610 1454 708 1526 ἀληθές
721 1451 787 1511 εἶναί
795 1479 840 1530 μοι
854 1457 930 1522 δοκεῖ,

148 1535 188 1594 ὅτι
200 1534 260 1601 τοὺς
271 1533 366 1610 νόμους
380 1535 493 1604 ἅπαντες
504 1536 687 1611 ὑπειλήφασιν,
708 1536 768 1595 ὅσοι
780 1538 930 1613 σωφρονσὺ-

148 1642 186 1686 σι,
200 1616 312 1693 τρόπους
324 1621 370 1689 τής
381 1617 485 1686 πόλεως.
515 1621 565 1697 χρή
580 1625 663 1679 τοίνυν
677 1618 842 1688 σπουδάζειν,
861 1618 932 1684 ὅπως

147 1699 183 1765 ὥς
195 1701 318 1774 βέλτιστοι
332 1699 451 1768 δόξουσιν
463 1699 540 1772 εἶναι,
553 1707 597 1762 καί
609 1702 669 1769 ταὺς
681 1706 875 1777 λυμαινομένους
887 1703 932 1758 καί

148 1785 349 1859 διαστρέφοντας
363 1783 457 1851 αὑτοὺς
470 1783 596 1855 κολάζειν,
609 1785 644 1852 ὦς
657 1786 679 1843 εἰ
691 1782 929 1862 καταρρᾳθυμήσε-

146 1889 188 1934 τε,
200 1867 245 1937 τής
258 1869 402 1940 φιλοτιμίας
413 1891 441 1925 τε
452 1868 546 1941 ταύτης
558 1865 776 1945 ἀποστερήσεσθε
780 1910 788 1934 ,
805 1869 850 1924 καί
862 1865 931 1923 κατὰ

146 1952 193 2020 τῆς
204 1947 302 2014 πόλεως
316 1947 395 2016 δόξαν
409 1947 439 2009 οὑ
449 1951 564 2028 χρηστήν
576 1949 703 2021 ποιήσετε.
726 1947 832 2024 καὶμὴν
845 1949 867 2007 εί
876 1947 930 2006 Σό-

147 2036 215 2089 λωνα
233 2035 278 2089 καὶ
295 2030 432 2107 Δράκοντα
450 2037 552 2100 δικαίως
566 2039 702 2101 ἐπαινεῖτε,
727 2030 774 2091 αὑκ
787 2031 820 2090 έίν
833 2034 932 2105 'sigonae

148 2116 226 2173 εἶπεῖν
240 2112 373 2190 οὐδετέρου
385 2116 470 2174 κοινὸν
483 2114 623 2193 εὐεργέτημ’
640 2113 719 2184 οὐδέν,
733 2114 799 2187 πλήν
812 2108 852 2173 ὑτι
864 2136 930 2187 συμ-

147 2201 274 2272 φέροντας
290 2200 392 2269 έθηκαν
409 2203 453 2256 καὶ
470 2203 553 2266 καλῶς
575 2202 680 2272 ἔχοντας
701 2196 808 2272 νόμους,
833 2199 932 2254 δίκαιον

148 2276 231 2348 δήπου
253 2283 372 2346 καὶτοῖς
393 2281 547 2348 ὑπεναντίως
569 2287 680 2339 τιθεῖσιν
701 2285 804 2346 ἐκείνοις
825 2276 933 2355 ὑρμίλως

148 2361 253 2433 ἔχοντες
271 2364 315 2418 καὶ
332 2362 487 2431 κολάζοντας
498 2369 650 2438 φαίνεσθαι,
686 2359 744 2421 οῖδα
758 2366 785 2420 δέ
801 2360 931 2438 Τιμοκρά-

147 2466 205 2512 την,
230 2442 271 2501 άτι
286 2441 332 2500 τὸν
348 2443 427 2519 νόμον
443 2446 579 2519 είςενήνσχε
595 2449 685 2504 τοῦτσν
702 2443 749 2518 οὑχ
760 2442 851 2516 ἥκισθ’
867 2443 933 2519 ὑπέρ

149 2523 242 2584 αὑτοῦ·
264 2523 347 2583 πολλά
363 2526 416 2604 γάρ
427 2528 513 2605 ήμεῖτο
524 2526 711 2588 πολιτεύεσθαι
722 2525 782 2604 παρ’
797 2527 857 2602 ὑμῖν
870 2525 933 2594 άξια

148 2610 251 2683 δεσμοῦ.

208 2689 343 2768 Βοὺλομαι
354 2696 438 2752 τοίνυν
449 2691 508 2769 ὑμῖν
520 2689 622 2751 κάκεῖνο
635 2689 850 2768 διημήσασθαι,ὑ
864 2715 932 2766 φασι

88 2890 256 2934 ..a-1.
