1972 3114
98 201 140 244 882.
226 186 755 238 AHMOEQHPOEZHNOGEMIN.
838 189 888 240 241

96 287 139 344 τόν
151 286 267 363 Δήμωνα
288 287 406 364 δεύτερον
419 287 454 352 εἷς
470 287 500 346 τό
518 288 689 365 δικαστήριον.
725 288 740 346 ὁ
758 291 785 346 δὲ
799 310 886 366 παρα-

95 369 238 446 γράφεται,
255 371 290 445 μί,
305 369 474 446 εἷςαγτόγιμον
491 368 554 428 εἶναι
571 371 617 444 τὴν
636 374 719 442 δίκην,
735 369 816 444 νόμον
833 398 886 430 ποι-

63 498 68 514 ,
95 452 232 560 ρεγόμενος
244 454 290 512 τὸν
304 453 408 511 διδόντα
421 460 475 519 τοῖς
488 452 610 529 ἐμπόροις
621 453 670 520 τὰς
682 458 755 519 δίκας
766 451 831 512 εἶναι
840 479 887 513 πε-

95 540 117 612 ρί
131 539 184 594 τῶν
195 534 325 607 Ἀθήναζε
338 539 382 592 καί
394 539 444 594 τῶν
452 533 604 641 Ἀθήνηθεγ
617 539 791 612 συμβολαίων
806 549 886 608 Ζηνο-

93 621 184 694 θέμιδι
197 622 226 676 δέ
236 642 302 692 φησι
313 621 391 693 μηδὲν
406 616 599 693 συμβόλαιον
573 642 638 676 ειναι
652 619 719 695 πρός
733 618 821 678 αὑτόν.
844 625 890 680 καί

92 788 220 850 θυδιιιίας
231 788 279 842 τοῦ
291 782 446 861 πράγματος
458 786 609 861 εἲςηγμενης,
623 784 703 850 οὕτως
716 791 815 886 εἴρηται
828 810 888 865 περι
873 741 913 863 λ

92 871 140 925 τοῦ
153 891 188 942 μη
179 864 418 942 Ζηνοθέμιδος
393 891 457 925 ειναι
471 867 517 926 τὸν
530 873 609 935 σῖτον,
623 865 689 924 ἄλλα
703 872 750 926 τοῦ
763 869 886 946 Πρώτου,

92 955 113 1025 ᾡ
127 950 141 1009 ὃ
156 949 251 1023 Δήμων
263 948 417 1008 ἐδάνεισε
390 975 421 1008 το
436 947 578 1027 αργόριαν.Ι
599 947 629 1008 οὗ
641 949 694 1027 γόρ
707 949 825 1025 βούλεται
839 956 885 1011 δο-

92 1040 147 1090 κεῖν
173 1032 268 1110 ῥηματι
294 1035 341 1090 τοῦ
366 1032 445 1109 νόμου
465 1032 545 1107 μόνον
565 1034 747 1110 ἰσχυρίζεσθαι
769 1033 837 1093 κατὰ
854 1035 885 1095 τό

92 1120 205 1192 πρᾶγμα
219 1122 281 1187 (882)
298 1113 404 1184 ἀδικῶν,
431 1114 497 1173 ἀλλὰ
510 1115 693 1184 &admotus
674 1140 709 1182 ως
725 1123 826 1194 θαρρεἶ
840 1123 887 1192 μὲν

93 1202 139 1256 καί
157 1200 189 1273 τῇ
208 1199 315 1272 εὐθείᾳ·
339 1207 366 1256 ἐκ
384 1203 535 1276 περιουσίας
552 1202 579 1257 δὲ
597 1197 667 1275 αὐτῷ
687 1204 730 1258 καί
743 1225 884 1278 παραγρα·

94 1281 146 1354 φὴν
160 1279 175 1339 ὅ
187 1280 265 1356 νόμος
278 1283 375 1340 δίδωσι.

383 1455 592 1465 ----

383 1465 591 1475 —-.-—.

349 1592 630 1642 ΔεΜοεεεΝοιε

116 1711 401 1774 ’ΠΑΡΑΓΡΑΦΗ
428 1711 544 1774 ΠΡΟΣ
575 1708 858 1772 ΖΗΝΟΘΕΜΙΝ.

143 1924 263 2020 Ἄνδρες
282 1946 415 2011 δικασταί,
435 1942 560 2018 βούλομαι
578 1945 828 2018 παραγεγραμμένος
848 1965 883 2015 μη

94 2025 264 2103 εἷςαγόγιμον
278 2024 342 2084 εἶναι
356 2025 404 2098 τὴν
415 2028 560 2101 δίκην,περί
572 2027 623 2083 τῶν
635 2023 721 2100 νόμων
732 2027 835 2100 πρῶτον
847 2026 883 2082 εἰ·

94 2116 164 2178 πεῖν,
183 2108 247 2167 καθ’
264 2109 310 2174 οδς
321 2107 539 2209 παρεγραψάμην.
563 2109 587 2164 οί
599 2106 673 2211 νόμοι
685 2106 831 2165 παλαίουσιν
837 2149 845 2175 ,
864 2097 885 2165 ὦ

95 2191 186 2269 όίνδρες
207 2195 340 2259 δικασταί,
362 2191 410 2257 τὰς
432 2195 505 2257 δίκας
519 2187 584 2248 εἶναι
600 2198 653 2256 τοῖς
669 2188 821 2290 ναυκλήροις
840 2193 885 2249 καί

94 2282 148 2341 τοῖς
165 2273 285 2382 ἐμπόροις
302 2299 353 2332 των
363 2271 491 2345 Ἀθήναζε
503 2276 548 2331 καί
560 2277 610 2331 τῶν
620 2271 772 2345 Ἀθήνηθεν
785 2277 883 2348 συμβο-

94 2363 180 2426 λαίων,
194 2361 237 2415 καί
248 2361 310 2434 περί
322 2349 358 2415 ὧν
371 2357 404 2416 όίν
416 2360 465 2415 ὦσι
477 2359 641 2432 συγγραφαίΙ
661 2355 706 2414 ἐόν
719 2359 747 2414 δι’
759 2381 797 2423 τις
809 2355 884 2456 παρὰ

56 2473 60 2480 ·
93 2465 177 2498 ταυτα
192 2439 279 2511 δικόζη
281 2466 336 2508 ται,
353 2464 389 2516 μη
399 2438 572 2515 εἰςαγτόγιμον
585 2447 648 2496 εἰναι
661 2437 706 2508 τὴν
721 2442 799 2510 δίκην
820 2437 882 2498 τοδ-

94 2547 129 2598 τι)
142 2527 227 2580 τοίνυν
239 2526 394 2597 Ζηνοθέμιδι
410 2523 476 2599 πρὸς
488 2526 535 2595 μὲν
546 2524 588 2595 ἐμὲ
601 2520 642 2578 ὅτι
654 2519 754 2579 ουδὲν’
739 2546 771 2592 ην
784 2519 882 2596 συμβό-

93 2580 166 2663 λόιιον
181 2603 239 2662 ουδὲ
252 2603 405 2682 συγγραφή,
424 2607 469 2663 καί
481 2601 560 2669 αυτὸς
572 2602 693 2679 ὁμολογεῖ
705 2611 731 2662 ἐν
743 2628 779 2678 τῳ
767 2599 883 2680 ἐγκλη-

93 2711 168 2764 ματι’
192 2689 307 2746 δανεῖσαι
320 2691 349 2746 δι’
358 2711 438 2762 φησιν
446 2683 616 2763 Ἡγεστράτῳ
627 2686 774 2763 ναυκλήρῳ·
791 2684 884 2744 τούτου

129 2790 274 2837 Βειιοετε.
285 2791 327 2834 111.
697 2789 720 2842 Q
