<?xml version="1.0" encoding="UTF-8"?>
<!DOCTYPE html PUBLIC "-//W3C//DTD XHTML 1.0 Transitional//EN"
    "http://www.w3.org/TR/xhtml1/DTD/xhtml1-transitional.dtd">
<html xmlns="http://www.w3.org/1999/xhtml" xml:lang="en" lang="en">
 <head>
  <title>
</title>
<meta http-equiv="Content-Type" content="text/html;charset=utf-8" />
  <meta name='ocr-system' content='tesseract 3.04.00' />
  <meta name='ocr-capabilities' content='ocr_page ocr_carea ocr_par ocr_line ocrx_word'/>
</head>
<body>
  <div class='ocr_page' id='page_1' title='image "./demosthenisorat06demogoog_0185.png"; bbox 0 0 1972 3114; ppageno 0'>
   <div class='ocr_carea' id='block_1_1' title="bbox 101 157 879 224">
    <p class='ocr_par' dir='ltr' id='par_1_1' title="bbox 101 157 879 224">
     <span class='ocr_line' id='line_1_1' title="bbox 101 157 879 224; baseline 0.005 -14"><span class='ocrx_word' id='word_1_1' title='bbox 101 163 149 210; x_wconf 84' lang='lat'><strong><em>170</em></strong></span> <span class='ocrx_word' id='word_1_2' title='bbox 339 157 647 224; x_wconf 82' lang='grc' dir='ltr'><strong>[ΔΗΜΟΣΘΕΝΟΥΣ]</strong></span> <span class='ocrx_word' id='word_1_3' title='bbox 839 171 879 218; x_wconf 79' lang='grc'><strong><em>802</em></strong></span> 
     </span>
    </p>
   </div>
   <div class='ocr_carea' id='block_1_2' title="bbox 93 253 887 2152">
    <p class='ocr_par' dir='ltr' id='par_1_2' title="bbox 97 253 887 1244">
     <span class='ocr_line' id='line_1_2' title="bbox 100 253 887 360; baseline -0.005 -42"><span class='ocrx_word' id='word_1_4' title='bbox 100 263 145 319; x_wconf 80' lang='grc' dir='ltr'><strong><em>καὶ</em></strong></span> <span class='ocrx_word' id='word_1_5' title='bbox 158 258 230 337; x_wconf 78' lang='grc' dir='ltr'><strong><em>παρὰ</em></strong></span> <span class='ocrx_word' id='word_1_6' title='bbox 243 258 289 318; x_wconf 86' lang='grc' dir='ltr'><strong><em>τὸν</em></strong></span> <span class='ocrx_word' id='word_1_7' title='bbox 288 258 391 360; x_wconf 79' lang='grc' dir='ltr'><strong><em>χρόνον</em></strong></span> <span class='ocrx_word' id='word_1_8' title='bbox 403 284 433 320; x_wconf 89' lang='grc' dir='ltr'><strong><em>το</em></strong></span> <span class='ocrx_word' id='word_1_9' title='bbox 424 258 544 318; x_wconf 90' lang='grc' dir='ltr'><strong><em>δίκαιον</em></strong></span> <span class='ocrx_word' id='word_1_10' title='bbox 555 260 701 335; x_wconf 79' lang='grc' dir='ltr'><strong><em>λαβεῖν,”</em></strong></span> <span class='ocrx_word' id='word_1_11' title='bbox 658 253 790 323; x_wconf 87' lang='grc' dir='ltr'><strong><em>τοιςδ”</em></strong></span> <span class='ocrx_word' id='word_1_12' title='bbox 762 281 809 315; x_wconf 89' lang='grc' dir='ltr'><strong><em>ουκ</em></strong></span> <span class='ocrx_word' id='word_1_13' title='bbox 822 253 887 314; x_wconf 85' lang='grc' dir='ltr'><strong><em>ειναι</em></strong></span> 
     </span>
     <span class='ocr_line' id='line_1_3' title="bbox 99 339 884 420; baseline -0.004 -19"><span class='ocrx_word' id='word_1_14' title='bbox 99 349 252 420; x_wconf 84' lang='grc' dir='ltr'><strong><em>περιμεῖναι·</em></strong></span> <span class='ocrx_word' id='word_1_15' title='bbox 267 341 297 400; x_wconf 87' lang='grc' dir='ltr'><strong><em>τό</em></strong></span> <span class='ocrx_word' id='word_1_16' title='bbox 310 341 363 420; x_wconf 78' lang='grc' dir='ltr'><strong><em>γὰρ</em></strong></span> <span class='ocrx_word' id='word_1_17' title='bbox 376 341 581 419; x_wconf 75' lang='grc' dir='ltr'><strong><em>τιμωρησόμενον</em></strong></span> <span class='ocrx_word' id='word_1_18' title='bbox 593 339 640 414; x_wconf 81' lang='grc' dir='ltr'><strong><em>οίιχ</em></strong></span> <span class='ocrx_word' id='word_1_19' title='bbox 652 339 762 398; x_wconf 80' lang='grc' dir='ltr'><strong><em>ίιπέσται</em></strong></span> <span class='ocrx_word' id='word_1_20' title='bbox 775 343 821 411; x_wconf 80' lang='grc' dir='ltr'><strong><em>τῆς</em></strong></span> <span class='ocrx_word' id='word_1_21' title='bbox 834 364 884 398; x_wconf 91' lang='grc' dir='ltr'><strong><em>πο-</em></strong></span> 
     </span>
     <span class='ocr_line' id='line_1_4' title="bbox 99 419 885 496; baseline -0.006 -13"><span class='ocrx_word' id='word_1_22' title='bbox 99 428 193 491; x_wconf 87' lang='grc' dir='ltr'><strong><em>λιτείας</em></strong></span> <span class='ocrx_word' id='word_1_23' title='bbox 206 429 407 496; x_wconf 74' lang='grc' dir='ltr'><strong><em>καταλυθείσης</em></strong></span> <span class='ocrx_word' id='word_1_24' title='bbox 443 427 487 482; x_wconf 80' lang='grc' dir='ltr'><strong><em>καὶ</em></strong></span> <span class='ocrx_word' id='word_1_25' title='bbox 500 423 601 491; x_wconf 78' lang='grc' dir='ltr'><strong><em>τούτοις</em></strong></span> <span class='ocrx_word' id='word_1_26' title='bbox 615 429 668 489; x_wconf 91' lang='grc' dir='ltr'><strong><em>τοῖς</em></strong></span> <span class='ocrx_word' id='word_1_27' title='bbox 682 426 789 487; x_wconf 90' lang='grc' dir='ltr'><strong><em>δικαιόις</em></strong></span> <span class='ocrx_word' id='word_1_28' title='bbox 802 419 885 488; x_wconf 79' lang='grc' dir='ltr'><strong><em>οὖδεις</em></strong></span> 
     </span>
     <span class='ocr_line' id='line_1_5' title="bbox 99 503 885 583; baseline -0.005 -18"><span class='ocrx_word' id='word_1_29' title='bbox 99 507 182 573; x_wconf 74' lang='grc' dir='ltr'><strong><em>οὕτως</em></strong></span> <span class='ocrx_word' id='word_1_30' title='bbox 194 530 253 565; x_wconf 89' lang='grc' dir='ltr'><strong><em>ουτε</em></strong></span> <span class='ocrx_word' id='word_1_31' title='bbox 266 504 371 576; x_wconf 75' lang='grc' dir='ltr'><strong><em>ἀναιδὴς</em></strong></span> <span class='ocrx_word' id='word_1_32' title='bbox 384 503 474 564; x_wconf 67' lang='grc' dir='ltr'><strong><em>οὔθ’</em></strong></span> <span class='ocrx_word' id='word_1_33' title='bbox 458 510 524 582; x_wconf 87' lang='grc' dir='ltr'><strong><em>υπέρ</em></strong></span> <span class='ocrx_word' id='word_1_34' title='bbox 535 504 603 581; x_wconf 78' lang='grc' dir='ltr'><strong><em>ῶμᾶς</em></strong></span> <span class='ocrx_word' id='word_1_35' title='bbox 615 508 717 583; x_wconf 77' lang='grc' dir='ltr'><strong><em>φρονῶν</em></strong></span> <span class='ocrx_word' id='word_1_36' title='bbox 728 503 832 563; x_wconf 55' lang='lat' dir='ltr'><strong><em>{aust</em></strong></span> <span class='ocrx_word' id='word_1_37' title='bbox 816 528 885 570; x_wconf 87' lang='grc' dir='ltr'><strong><em>οςτις</em></strong></span> 
     </span>
     <span class='ocr_line' id='line_1_6' title="bbox 99 586 884 666; baseline -0.004 -19"><span class='ocrx_word' id='word_1_38' title='bbox 99 586 235 666; x_wconf 78' lang='grc' dir='ltr'><strong><em>ῶντιλέγειν</em></strong></span> <span class='ocrx_word' id='word_1_39' title='bbox 248 587 408 664; x_wconf 79' lang='grc' dir='ltr'><strong><em>ἐπιχειρήσει,</em></strong></span> <span class='ocrx_word' id='word_1_40' title='bbox 420 588 486 661; x_wconf 72' lang='grc' dir='ltr'><strong><em>πλὴν</em></strong></span> <span class='ocrx_word' id='word_1_41' title='bbox 496 586 711 666; x_wconf 77' lang='grc' dir='ltr'><strong><em>Ἀριστογείτονος</em></strong></span> <span class='ocrx_word' id='word_1_42' title='bbox 722 589 826 645; x_wconf 88' lang='grc' dir='ltr'><strong><em>τουτουι</em></strong></span> <span class='ocrx_word' id='word_1_43' title='bbox 838 590 884 644; x_wconf 90' lang='grc' dir='ltr'><strong><em>και</em></strong></span> 
     </span>
     <span class='ocr_line' id='line_1_7' title="bbox 99 667 883 747; baseline -0.005 -17"><span class='ocrx_word' id='word_1_44' title='bbox 99 674 145 742; x_wconf 80' lang='grc' dir='ltr'><strong><em>τῆς</em></strong></span> <span class='ocrx_word' id='word_1_45' title='bbox 157 670 251 729; x_wconf 78' lang='grc' dir='ltr'><strong><em>τούτου</em></strong></span> <span class='ocrx_word' id='word_1_46' title='bbox 262 668 356 746; x_wconf 82' lang='grc' dir='ltr'><strong><em>τόλμης</em></strong></span> <span class='ocrx_word' id='word_1_47' title='bbox 369 674 414 729; x_wconf 78' lang='grc' dir='ltr'><strong><em>καὶ</em></strong></span> <span class='ocrx_word' id='word_1_48' title='bbox 424 674 554 747; x_wconf 87' lang='grc' dir='ltr'><strong><em>πονηρίας.</em></strong></span> <span class='ocrx_word' id='word_1_49' title='bbox 577 670 642 729; x_wconf 82' lang='grc' dir='ltr'><strong><em>ἇλλόι</em></strong></span> <span class='ocrx_word' id='word_1_50' title='bbox 656 668 746 735; x_wconf 87' lang='grc' dir='ltr'><strong><em>παίσας</em></strong></span> <span class='ocrx_word' id='word_1_51' title='bbox 758 677 820 740; x_wconf 80' lang='lat'>(802)</span> <span class='ocrx_word' id='word_1_52' title='bbox 835 667 883 734; x_wconf 85' lang='grc' dir='ltr'><strong><em>τός</em></strong></span> 
     </span>
     <span class='ocr_line' id='line_1_8' title="bbox 100 749 882 830; baseline -0.006 -19"><span class='ocrx_word' id='word_1_53' title='bbox 100 750 183 830; x_wconf 84' lang='grc' dir='ltr'><strong><em>ἇρχέις</em></strong></span> <span class='ocrx_word' id='word_1_54' title='bbox 197 752 312 819; x_wconf 74' lang='grc' dir='ltr'><strong><em>καὶτοὺς</em></strong></span> <span class='ocrx_word' id='word_1_55' title='bbox 324 757 531 829; x_wconf 87' lang='grc' dir='ltr'><strong><em>πολιτευομένους</em></strong></span> <span class='ocrx_word' id='word_1_56' title='bbox 539 751 688 830; x_wconf 81' lang='grc' dir='ltr'><strong><em>εὖρήσομεν,</em></strong></span> <span class='ocrx_word' id='word_1_57' title='bbox 697 750 798 810; x_wconf 78' lang='grc' dir='ltr'><strong><em>ἐπειδὰν</em></strong></span> <span class='ocrx_word' id='word_1_58' title='bbox 807 749 882 819; x_wconf 76' lang='grc' dir='ltr'><strong><em>ἅπαξ</em></strong></span> 
     </span>
     <span class='ocr_line' id='line_1_9' title="bbox 98 831 881 912; baseline -0.004 -18"><span class='ocrx_word' id='word_1_59' title='bbox 98 859 124 894; x_wconf 91' lang='grc' dir='ltr'><strong><em>τι</em></strong></span> <span class='ocrx_word' id='word_1_60' title='bbox 135 836 282 911; x_wconf 71' lang='grc' dir='ltr'><strong><em>καταγνῶτε</em></strong></span> <span class='ocrx_word' id='word_1_61' title='bbox 293 835 376 910; x_wconf 73' lang='grc' dir='ltr'><strong><em>ὑμεῖς,</em></strong></span> <span class='ocrx_word' id='word_1_62' title='bbox 390 834 491 902; x_wconf 75' lang='grc' dir='ltr'><strong><em>τούτοις</em></strong></span> <span class='ocrx_word' id='word_1_63' title='bbox 502 841 659 912; x_wconf 65' lang='grc' dir='ltr'><strong><em>ίμμενοντας.</em></strong></span> <span class='ocrx_word' id='word_1_64' title='bbox 681 837 758 894; x_wconf 74' lang='grc' dir='ltr'><strong><em>τοῦτο</em></strong></span> <span class='ocrx_word' id='word_1_65' title='bbox 770 837 816 908; x_wconf 82' lang='grc' dir='ltr'><strong><em>μέν</em></strong></span> <span class='ocrx_word' id='word_1_66' title='bbox 827 831 881 910; x_wconf 83' lang='grc' dir='ltr'><strong><em>γόρ</em></strong></span> 
     </span>
     <span class='ocr_line' id='line_1_10' title="bbox 99 914 880 994; baseline -0.005 -18"><span class='ocrx_word' id='word_1_67' title='bbox 99 916 162 976; x_wconf 80' lang='grc' dir='ltr'><strong><em>ὅταν</em></strong></span> <span class='ocrx_word' id='word_1_68' title='bbox 174 914 432 994; x_wconf 79' lang='grc' dir='ltr'><strong><em>ἇποχειροτονηθῶσί</em></strong></span> <span class='ocrx_word' id='word_1_69' title='bbox 441 941 506 985; x_wconf 88' lang='grc' dir='ltr'><strong><em>τινες</em></strong></span> <span class='ocrx_word' id='word_1_70' title='bbox 522 921 573 977; x_wconf 88' lang='grc' dir='ltr'><strong><em>τῶν</em></strong></span> <span class='ocrx_word' id='word_1_71' title='bbox 590 925 615 977; x_wconf 80' lang='grc' dir='ltr'><strong><em>έν</em></strong></span> <span class='ocrx_word' id='word_1_72' title='bbox 632 924 689 985; x_wconf 88' lang='grc' dir='ltr'><strong><em>ταῖς</em></strong></span> <span class='ocrx_word' id='word_1_73' title='bbox 705 915 809 993; x_wconf 74' lang='grc' dir='ltr'><strong><em>ἀρχαῖς,</em></strong></span> <span class='ocrx_word' id='word_1_74' title='bbox 826 940 880 973; x_wconf 89' lang='grc' dir='ltr'><strong><em>πα-</em></strong></span> 
     </span>
     <span class='ocr_line' id='line_1_11' title="bbox 98 998 880 1077; baseline 0 -21"><span class='ocrx_word' id='word_1_75' title='bbox 98 1003 218 1077; x_wconf 76' lang='grc' dir='ltr'><strong><em>ραχρῆμα</em></strong></span> <span class='ocrx_word' id='word_1_76' title='bbox 236 1005 379 1058; x_wconf 78' lang='grc' dir='ltr'><strong><em>πέπαυνται</em></strong></span> <span class='ocrx_word' id='word_1_77' title='bbox 392 999 513 1077; x_wconf 74' lang='grc' dir='ltr'><strong><em>ἄρχοντες</em></strong></span> <span class='ocrx_word' id='word_1_78' title='bbox 523 1004 568 1059; x_wconf 81' lang='grc' dir='ltr'><strong><em>καί</em></strong></span> <span class='ocrx_word' id='word_1_79' title='bbox 579 1000 639 1068; x_wconf 78' lang='grc' dir='ltr'><strong><em>τοὺς</em></strong></span> <span class='ocrx_word' id='word_1_80' title='bbox 652 998 797 1074; x_wconf 80' lang='grc' dir='ltr'><strong><em>στεφάνους</em></strong></span> <span class='ocrx_word' id='word_1_81' title='bbox 807 1021 880 1076; x_wconf 91' lang='grc' dir='ltr'><strong><em>περι-</em></strong></span> 
     </span>
     <span class='ocr_line' id='line_1_12' title="bbox 97 1080 883 1160; baseline 0 -19"><span class='ocrx_word' id='word_1_82' title='bbox 97 1081 216 1160; x_wconf 81' lang='grc' dir='ltr'><strong><em>ᾐρηνται·</em></strong></span> <span class='ocrx_word' id='word_1_83' title='bbox 242 1084 319 1142; x_wconf 78' lang='grc' dir='ltr'><strong><em>τοῦτο</em></strong></span> <span class='ocrx_word' id='word_1_84' title='bbox 337 1080 363 1139; x_wconf 80' lang='grc' dir='ltr'><strong><em>δ’</em></strong></span> <span class='ocrx_word' id='word_1_85' title='bbox 379 1082 454 1150; x_wconf 65' lang='grc' dir='ltr'><strong><em>ὅσοις,</em></strong></span> <span class='ocrx_word' id='word_1_86' title='bbox 470 1085 520 1142; x_wconf 90' lang='grc' dir='ltr'><strong><em>τῶν</em></strong></span> <span class='ocrx_word' id='word_1_87' title='bbox 536 1085 713 1160; x_wconf 76' lang='grc' dir='ltr'><strong><em>θεσμοθετῶν</em></strong></span> <span class='ocrx_word' id='word_1_88' title='bbox 736 1084 772 1149; x_wconf 84' lang='grc' dir='ltr'><strong><em>εῖς</em></strong></span> <span class='ocrx_word' id='word_1_89' title='bbox 784 1080 883 1159; x_wconf 72' lang='grc' dir='ltr'><strong><em>’Ἀρειον</em></strong></span> 
     </span>
     <span class='ocr_line' id='line_1_13' title="bbox 97 1161 880 1244; baseline 0 -21"><span class='ocrx_word' id='word_1_90' title='bbox 97 1164 184 1242; x_wconf 78' lang='grc' dir='ltr'><strong><em>πάγον</em></strong></span> <span class='ocrx_word' id='word_1_91' title='bbox 202 1190 248 1239; x_wconf 88' lang='grc' dir='ltr'><strong><em>ουχ</em></strong></span> <span class='ocrx_word' id='word_1_92' title='bbox 266 1161 322 1224; x_wconf 80' lang='grc' dir='ltr'><strong><em>οἷόν</em></strong></span> <span class='ocrx_word' id='word_1_93' title='bbox 339 1190 365 1224; x_wconf 87' lang='grc' dir='ltr'><strong><em>τε</em></strong></span> <span class='ocrx_word' id='word_1_94' title='bbox 361 1170 448 1224; x_wconf 77' lang='grc' dir='ltr'><strong><em>ἐστιν</em></strong></span> <span class='ocrx_word' id='word_1_95' title='bbox 461 1163 593 1236; x_wconf 82' lang='grc' dir='ltr'><strong><em>ἇνελθεῖν,</em></strong></span> <span class='ocrx_word' id='word_1_96' title='bbox 616 1169 739 1244; x_wconf 84' lang='grc' dir='ltr'><strong><em>παρέντες</em></strong></span> <span class='ocrx_word' id='word_1_97' title='bbox 751 1181 782 1223; x_wconf 81' lang='grc' dir='ltr'><strong><em>το</em></strong></span> <span class='ocrx_word' id='word_1_98' title='bbox 772 1163 880 1239; x_wconf 63' lang='lat' dir='ltr'><strong><em>flavice-</em></strong></span> 
     </span>
    </p>

    <p class='ocr_par' dir='ltr' id='par_1_3' title="bbox 93 1246 883 2152">
     <span class='ocr_line' id='line_1_14' title="bbox 98 1246 883 1350; baseline 0 -44"><span class='ocrx_word' id='word_1_99' title='bbox 98 1254 170 1307; x_wconf 86' lang='grc' dir='ltr'><strong><em>σθαι</em></strong></span> <span class='ocrx_word' id='word_1_100' title='bbox 160 1252 334 1350; x_wconf 75' lang='grc' dir='ltr'><strong><em>στέργουσιν</em></strong></span> <span class='ocrx_word' id='word_1_101' title='bbox 347 1253 456 1315; x_wconf 82' lang='grc' dir='ltr'><strong><em>είκοντες</em></strong></span> <span class='ocrx_word' id='word_1_102' title='bbox 467 1254 525 1316; x_wconf 90' lang='grc' dir='ltr'><strong><em>ταῖς</em></strong></span> <span class='ocrx_word' id='word_1_103' title='bbox 536 1248 669 1326; x_wconf 88' lang='grc' dir='ltr'><strong><em>υμετέραις</em></strong></span> <span class='ocrx_word' id='word_1_104' title='bbox 680 1246 814 1325; x_wconf 87' lang='grc' dir='ltr'><strong><em>γνῶσεσιν.</em></strong></span> <span class='ocrx_word' id='word_1_105' title='bbox 836 1251 883 1306; x_wconf 87' lang='grc' dir='ltr'><strong><em>και</em></strong></span> 
     </span>
     <span class='ocr_line' id='line_1_15' title="bbox 96 1327 882 1431; baseline 0 -42"><span class='ocrx_word' id='word_1_106' title='bbox 96 1327 168 1390; x_wconf 74' lang='grc' dir='ltr'><strong><em>ταῦτ’</em></strong></span> <span class='ocrx_word' id='word_1_107' title='bbox 184 1329 286 1395; x_wconf 84' lang='grc' dir='ltr'><strong><em>εἲκότως</em></strong></span> <span class='ocrx_word' id='word_1_108' title='bbox 298 1334 429 1389; x_wconf 81' lang='grc' dir='ltr'><strong><em>ποιοῶσιν·</em></strong></span> <span class='ocrx_word' id='word_1_109' title='bbox 454 1330 537 1408; x_wconf 86' lang='grc' dir='ltr'><strong><em>ῶςπερ</em></strong></span> <span class='ocrx_word' id='word_1_110' title='bbox 549 1330 609 1408; x_wconf 85' lang='grc' dir='ltr'><strong><em>γοίρ,</em></strong></span> <span class='ocrx_word' id='word_1_111' title='bbox 623 1331 687 1391; x_wconf 81' lang='grc' dir='ltr'><strong><em>ὅταν</em></strong></span> <span class='ocrx_word' id='word_1_112' title='bbox 700 1327 825 1431; x_wconf 81' lang='grc' dir='ltr'><strong><em>ῶρχωσι,</em></strong></span> <span class='ocrx_word' id='word_1_113' title='bbox 820 1330 882 1396; x_wconf 79' lang='grc' dir='ltr'><strong><em>τοὺς</em></strong></span> 
     </span>
     <span class='ocr_line' id='line_1_16' title="bbox 96 1411 881 1491; baseline 0 -20"><span class='ocrx_word' id='word_1_114' title='bbox 96 1412 199 1479; x_wconf 83' lang='grc' dir='ltr'><strong><em>ῖδιῶτας</em></strong></span> <span class='ocrx_word' id='word_1_115' title='bbox 211 1418 309 1471; x_wconf 81' lang='grc' dir='ltr'><strong><em>οίσνται</em></strong></span> <span class='ocrx_word' id='word_1_116' title='bbox 320 1413 417 1471; x_wconf 71' lang='grc' dir='ltr'><strong><em>δεῖν’</em></strong></span> <span class='ocrx_word' id='word_1_117' title='bbox 385 1419 473 1481; x_wconf 90' lang='grc' dir='ltr'><strong><em>αυτοῖς</em></strong></span> <span class='ocrx_word' id='word_1_118' title='bbox 484 1421 649 1518; x_wconf 74' lang='grc' dir='ltr'><strong><em>πειθαρχεῖν,</em></strong></span> <span class='ocrx_word' id='word_1_119' title='bbox 666 1411 799 1482; x_wconf 86' lang='grc' dir='ltr'><strong><em>ῶςαότως,</em></strong></span> <span class='ocrx_word' id='word_1_120' title='bbox 817 1411 881 1471; x_wconf 81' lang='grc' dir='ltr'><strong><em>ὅταν</em></strong></span> 
     </span>
     <span class='ocr_line' id='line_1_17' title="bbox 97 1493 882 1573; baseline 0.003 -21"><span class='ocrx_word' id='word_1_121' title='bbox 97 1493 174 1554; x_wconf 80' lang='grc' dir='ltr'><strong><em>οὗτοι</em></strong></span> <span class='ocrx_word' id='word_1_122' title='bbox 165 1497 327 1554; x_wconf 79' lang='grc' dir='ltr'><strong><em>ἰδιῶται</em></strong></span> <span class='ocrx_word' id='word_1_123' title='bbox 296 1519 418 1571; x_wconf 84' lang='grc' dir='ltr'><strong><em>γενωνται</em></strong></span> <span class='ocrx_word' id='word_1_124' title='bbox 429 1494 520 1566; x_wconf 82' lang='grc' dir='ltr'><strong><em>πόλιν,</em></strong></span> <span class='ocrx_word' id='word_1_125' title='bbox 536 1504 590 1564; x_wconf 90' lang='grc' dir='ltr'><strong><em>ταῖς</em></strong></span> <span class='ocrx_word' id='word_1_126' title='bbox 602 1521 647 1568; x_wconf 87' lang='grc' dir='ltr'><strong><em>της</em></strong></span> <span class='ocrx_word' id='word_1_127' title='bbox 658 1493 787 1562; x_wconf 75' lang='grc' dir='ltr'><strong><em>πόλεως”</em></strong></span> <span class='ocrx_word' id='word_1_128' title='bbox 770 1520 882 1573; x_wconf 90' lang='grc' dir='ltr'><strong><em>αρχουσι</em></strong></span> 
     </span>
     <span class='ocr_line' id='line_1_18' title="bbox 95 1575 879 1652; baseline 0 -16"><span class='ocrx_word' id='word_1_129' title='bbox 95 1575 184 1652; x_wconf 89' lang='grc' dir='ltr'><strong><em>νόμοις</em></strong></span> <span class='ocrx_word' id='word_1_130' title='bbox 197 1580 299 1645; x_wconf 89' lang='grc' dir='ltr'><strong><em>δικαίως</em></strong></span> <span class='ocrx_word' id='word_1_131' title='bbox 312 1577 344 1637; x_wconf 84' lang='grc' dir='ltr'><strong><em>ίίν</em></strong></span> <span class='ocrx_word' id='word_1_132' title='bbox 355 1576 535 1638; x_wconf 74' lang='grc' dir='ltr'><strong><em>ἀκολουθοῖεν.</em></strong></span> <span class='ocrx_word' id='word_1_133' title='bbox 565 1583 602 1639; x_wconf 84' lang='grc' dir='ltr'><strong><em>έτι</em></strong></span> <span class='ocrx_word' id='word_1_134' title='bbox 614 1584 697 1638; x_wconf 88' lang='grc' dir='ltr'><strong><em>τοίνυν</em></strong></span> <span class='ocrx_word' id='word_1_135' title='bbox 710 1581 735 1637; x_wconf 83' lang='grc' dir='ltr'><strong><em>οῖ</em></strong></span> <span class='ocrx_word' id='word_1_136' title='bbox 745 1577 879 1637; x_wconf 86' lang='grc' dir='ltr'><strong><em>πολιτευό-</em></strong></span> 
     </span>
     <span class='ocr_line' id='line_1_19' title="bbox 95 1658 881 1738; baseline 0.004 -21"><span class='ocrx_word' id='word_1_137' title='bbox 95 1683 166 1734; x_wconf 86' lang='grc' dir='ltr'><strong><em>μενοι</em></strong></span> <span class='ocrx_word' id='word_1_138' title='bbox 183 1659 288 1729; x_wconf 86' lang='grc' dir='ltr'><strong><em>πόντες,</em></strong></span> <span class='ocrx_word' id='word_1_139' title='bbox 315 1668 343 1719; x_wconf 84' lang='grc' dir='ltr'><strong><em>έκ</em></strong></span> <span class='ocrx_word' id='word_1_140' title='bbox 361 1664 411 1720; x_wconf 91' lang='grc' dir='ltr'><strong><em>τῶν</em></strong></span> <span class='ocrx_word' id='word_1_141' title='bbox 428 1664 544 1720; x_wconf 84' lang='grc' dir='ltr'><strong><em>παλαιῶιΙ</em></strong></span> <span class='ocrx_word' id='word_1_142' title='bbox 562 1661 727 1738; x_wconf 82' lang='grc' dir='ltr'><strong><em>εἶβοόλεσθε</em></strong></span> <span class='ocrx_word' id='word_1_143' title='bbox 741 1658 881 1738; x_wconf 80' lang='grc' dir='ltr'><strong><em>ἆρξόμενοι</em></strong></span> 
     </span>
     <span class='ocr_line' id='line_1_20' title="bbox 94 1740 879 1820; baseline 0.004 -21"><span class='ocrx_word' id='word_1_144' title='bbox 94 1740 194 1820; x_wconf 78' lang='grc' dir='ltr'><strong><em>χρόνων</em></strong></span> <span class='ocrx_word' id='word_1_145' title='bbox 206 1749 328 1820; x_wconf 88' lang='grc' dir='ltr'><strong><em>θεωρεῖν,</em></strong></span> <span class='ocrx_word' id='word_1_146' title='bbox 348 1741 467 1811; x_wconf 86' lang='grc' dir='ltr'><strong><em>ῶςαότως</em></strong></span> <span class='ocrx_word' id='word_1_147' title='bbox 479 1749 615 1818; x_wconf 76' lang='grc' dir='ltr'><strong><em>φαίνοντα</em></strong></span> <span class='ocrx_word' id='word_1_148' title='bbox 628 1751 737 1810; x_wconf 76' lang='grc' dir='ltr'><strong><em>εἴκοντες</em></strong></span> <span class='ocrx_word' id='word_1_149' title='bbox 750 1750 804 1810; x_wconf 85' lang='grc' dir='ltr'><strong><em>τοῖς</em></strong></span> <span class='ocrx_word' id='word_1_150' title='bbox 815 1743 879 1818; x_wconf 57' lang='grc' dir='ltr'><strong><em>ίιμε.7</em></strong></span> 
     </span>
     <span class='ocr_line' id='line_1_21' title="bbox 94 1823 880 1904; baseline 0.001 -21"><span class='ocrx_word' id='word_1_151' title='bbox 94 1830 176 1902; x_wconf 85' lang='grc' dir='ltr'><strong><em>τέροες</em></strong></span> <span class='ocrx_word' id='word_1_152' title='bbox 197 1827 310 1892; x_wconf 86' lang='grc' dir='ltr'><strong><em>δικαίοις.</em></strong></span> <span class='ocrx_word' id='word_1_153' title='bbox 341 1823 497 1903; x_wconf 72' lang='grc' dir='ltr'><strong><em>Ἀριστείδην</em></strong></span> <span class='ocrx_word' id='word_1_154' title='bbox 517 1830 563 1903; x_wconf 88' lang='grc' dir='ltr'><strong><em>μέν</em></strong></span> <span class='ocrx_word' id='word_1_155' title='bbox 582 1825 635 1904; x_wconf 87' lang='grc' dir='ltr'><strong><em>γείρ</em></strong></span> <span class='ocrx_word' id='word_1_156' title='bbox 653 1851 734 1901; x_wconf 87' lang='grc' dir='ltr'><strong><em>φασιν</em></strong></span> <span class='ocrx_word' id='word_1_157' title='bbox 754 1824 807 1884; x_wconf 82' lang='grc' dir='ltr'><strong><em>ὖπό</em></strong></span> <span class='ocrx_word' id='word_1_158' title='bbox 828 1831 880 1884; x_wconf 92' lang='grc' dir='ltr'><strong><em>τῶν</em></strong></span> 
     </span>
     <span class='ocr_line' id='line_1_22' title="bbox 94 1906 877 1987; baseline 0 -21"><span class='ocrx_word' id='word_1_159' title='bbox 94 1906 229 1986; x_wconf 88' lang='grc' dir='ltr'><strong><em>προγόνων</em></strong></span> <span class='ocrx_word' id='word_1_160' title='bbox 240 1914 441 1984; x_wconf 89' lang='grc' dir='ltr'><strong><em>μετασταθέντα</em></strong></span> <span class='ocrx_word' id='word_1_161' title='bbox 453 1917 479 1968; x_wconf 84' lang='grc' dir='ltr'><strong><em>έν</em></strong></span> <span class='ocrx_word' id='word_1_162' title='bbox 490 1911 583 1987; x_wconf 81' lang='grc' dir='ltr'><strong><em>Αἰγίνῃ</em></strong></span> <span class='ocrx_word' id='word_1_163' title='bbox 595 1913 739 1987; x_wconf 79' lang='grc' dir='ltr'><strong><em>διατρίβειν,</em></strong></span> <span class='ocrx_word' id='word_1_164' title='bbox 748 1910 793 1974; x_wconf 72' lang='grc' dir='ltr'><strong><em>ἕως</em></strong></span> <span class='ocrx_word' id='word_1_165' title='bbox 806 1907 877 1979; x_wconf 78' lang='grc' dir='ltr'><strong><em>ὁδη-</em></strong></span> 
     </span>
     <span class='ocr_line' id='line_1_23' title="bbox 93 1988 879 2066; baseline -0.003 -16"><span class='ocrx_word' id='word_1_166' title='bbox 93 2014 143 2066; x_wconf 88' lang='grc' dir='ltr'><strong><em>μσς</em></strong></span> <span class='ocrx_word' id='word_1_167' title='bbox 167 1988 247 2050; x_wconf 80' lang='grc' dir='ltr'><strong><em>αῶτόν</em></strong></span> <span class='ocrx_word' id='word_1_168' title='bbox 270 1994 435 2063; x_wconf 79' lang='grc' dir='ltr'><strong><em>κατεδέξατο,</em></strong></span> <span class='ocrx_word' id='word_1_169' title='bbox 461 1991 607 2065; x_wconf 77' lang='grc' dir='ltr'><strong><em>Μιλτιάδην</em></strong></span> <span class='ocrx_word' id='word_1_170' title='bbox 630 1995 657 2050; x_wconf 88' lang='grc' dir='ltr'><strong><em>δέ</em></strong></span> <span class='ocrx_word' id='word_1_171' title='bbox 683 1995 727 2051; x_wconf 79' lang='grc' dir='ltr'><strong><em>καὶ</em></strong></span> <span class='ocrx_word' id='word_1_172' title='bbox 749 1995 879 2066; x_wconf 88' lang='grc' dir='ltr'><strong><em>Περικλέα</em></strong></span> 
     </span>
     <span class='ocr_line' id='line_1_24' title="bbox 96 2071 876 2152; baseline -0.001 -20"><span class='ocrx_word' id='word_1_173' title='bbox 96 2071 284 2148; x_wconf 79' lang='grc' dir='ltr'><strong><em>όφλοντας,τόν</em></strong></span> <span class='ocrx_word' id='word_1_174' title='bbox 296 2078 342 2150; x_wconf 89' lang='grc' dir='ltr'><strong><em>μέν</em></strong></span> <span class='ocrx_word' id='word_1_175' title='bbox 352 2074 499 2152; x_wconf 78' lang='grc' dir='ltr'><strong><em>τριάκοντα,</em></strong></span> <span class='ocrx_word' id='word_1_176' title='bbox 513 2074 558 2134; x_wconf 85' lang='grc' dir='ltr'><strong><em>τὸν</em></strong></span> <span class='ocrx_word' id='word_1_177' title='bbox 571 2077 598 2132; x_wconf 89' lang='grc' dir='ltr'><strong><em>δέ</em></strong></span> <span class='ocrx_word' id='word_1_178' title='bbox 609 2074 766 2146; x_wconf 83' lang='grc' dir='ltr'><strong><em>πεντήκοντα</em></strong></span> <span class='ocrx_word' id='word_1_179' title='bbox 778 2073 876 2131; x_wconf 82' lang='grc' dir='ltr'><strong><em>τάλαν-</em></strong></span> 
     </span>
    </p>
   </div>
   <div class='ocr_carea' id='block_1_3' title="bbox 93 2154 878 2731">
    <p class='ocr_par' dir='ltr' id='par_1_4' title="bbox 93 2154 878 2731">
     <span class='ocr_line' id='line_1_25' title="bbox 94 2154 877 2259; baseline 0.001 -45"><span class='ocrx_word' id='word_1_180' title='bbox 94 2180 142 2224; x_wconf 89' lang='grc' dir='ltr'><strong><em>τα,</em></strong></span> <span class='ocrx_word' id='word_1_181' title='bbox 160 2161 310 2222; x_wconf 79' lang='grc' dir='ltr'><strong><em>ἐκτίσαντας</em></strong></span> <span class='ocrx_word' id='word_1_182' title='bbox 327 2156 394 2259; x_wconf 65' lang='grc' dir='ltr'><strong><em>σῶτω</em></strong></span> <span class='ocrx_word' id='word_1_183' title='bbox 409 2160 568 2234; x_wconf 89' lang='grc' dir='ltr'><strong><em>δημηγορεῖν.</em></strong></span> <span class='ocrx_word' id='word_1_184' title='bbox 602 2157 617 2216; x_wconf 85' lang='lat'><strong><em>6</em></strong></span> <span class='ocrx_word' id='word_1_185' title='bbox 630 2160 674 2216; x_wconf 77' lang='grc' dir='ltr'><strong><em>καί</em></strong></span> <span class='ocrx_word' id='word_1_186' title='bbox 688 2155 834 2216; x_wconf 87' lang='grc' dir='ltr'><strong><em>δεινότατον</em></strong></span> <span class='ocrx_word' id='word_1_187' title='bbox 844 2154 877 2215; x_wconf 82' lang='grc' dir='ltr'><strong><em>ιῖν</em></strong></span> 
     </span>
     <span class='ocr_line' id='line_1_26' title="bbox 95 2238 878 2316; baseline 0.001 -22"><span class='ocrx_word' id='word_1_188' title='bbox 95 2243 133 2309; x_wconf 82' lang='grc' dir='ltr'><strong><em>είη</em></strong></span> <span class='ocrx_word' id='word_1_189' title='bbox 136 2240 298 2339; x_wconf 74' lang='grc' dir='ltr'><strong><em>συμβαῖνον,</em></strong></span> <span class='ocrx_word' id='word_1_190' title='bbox 317 2239 378 2308; x_wconf 75' lang='grc' dir='ltr'><strong><em>τοὺς</em></strong></span> <span class='ocrx_word' id='word_1_191' title='bbox 394 2243 440 2314; x_wconf 84' lang='grc' dir='ltr'><strong><em>μέν</em></strong></span> <span class='ocrx_word' id='word_1_192' title='bbox 449 2239 533 2301; x_wconf 77' lang='grc' dir='ltr'><strong><em>πολλὰ</em></strong></span> <span class='ocrx_word' id='word_1_193' title='bbox 546 2265 591 2299; x_wconf 83' lang='grc' dir='ltr'><strong><em>και</em></strong></span> <span class='ocrx_word' id='word_1_194' title='bbox 581 2238 703 2316; x_wconf 79' lang='grc' dir='ltr'><strong><em>μεγάλα</em></strong></span> <span class='ocrx_word' id='word_1_195' title='bbox 716 2238 878 2310; x_wconf 75' lang='grc' dir='ltr'><strong><em>ποιήσαντας</em></strong></span> 
     </span>
     <span class='ocr_line' id='line_1_27' title="bbox 93 2317 875 2399; baseline -0.008 -15"><span class='ocrx_word' id='word_1_196' title='bbox 93 2319 162 2393; x_wconf 76' lang='grc' dir='ltr'><strong><em>ὖμᾶς</em></strong></span> <span class='ocrx_word' id='word_1_197' title='bbox 176 2317 272 2395; x_wconf 72' lang='grc' dir='ltr'><strong><em>ἇγαθᾶ</em></strong></span> <span class='ocrx_word' id='word_1_198' title='bbox 286 2321 320 2396; x_wconf 81' lang='grc' dir='ltr'><strong><em>μὴ</em></strong></span> <span class='ocrx_word' id='word_1_199' title='bbox 334 2327 444 2398; x_wconf 87' lang='grc' dir='ltr'><strong><em>μετέχειν</em></strong></span> <span class='ocrx_word' id='word_1_200' title='bbox 455 2320 550 2394; x_wconf 86' lang='grc' dir='ltr'><strong><em>ταότης</em></strong></span> <span class='ocrx_word' id='word_1_201' title='bbox 562 2346 607 2394; x_wconf 90' lang='grc' dir='ltr'><strong><em>της</em></strong></span> <span class='ocrx_word' id='word_1_202' title='bbox 620 2322 768 2399; x_wconf 67' lang='grc' dir='ltr'><strong><em>δωρεῶς,”</em></strong></span> <span class='ocrx_word' id='word_1_203' title='bbox 748 2345 810 2388; x_wconf 83' lang='grc' dir='ltr'><strong><em>ωςτε</em></strong></span> <span class='ocrx_word' id='word_1_204' title='bbox 821 2345 875 2378; x_wconf 88' lang='grc' dir='ltr'><strong><em>πα-</em></strong></span> 
     </span>
     <span class='ocr_line' id='line_1_28' title="bbox 95 2400 878 2509; baseline 0.004 -50"><span class='ocrx_word' id='word_1_205' title='bbox 95 2401 128 2478; x_wconf 79' lang='grc' dir='ltr'><strong><em>ρὰ</em></strong></span> <span class='ocrx_word' id='word_1_206' title='bbox 142 2400 202 2468; x_wconf 74' lang='grc' dir='ltr'><strong><em>τοὺς</em></strong></span> <span class='ocrx_word' id='word_1_207' title='bbox 213 2400 307 2478; x_wconf 90' lang='grc' dir='ltr'><strong><em>νόμους</em></strong></span> <span class='ocrx_word' id='word_1_208' title='bbox 319 2428 343 2463; x_wconf 90' lang='grc' dir='ltr'><strong><em>τι</em></strong></span> <span class='ocrx_word' id='word_1_209' title='bbox 360 2405 421 2472; x_wconf 85' lang='grc' dir='ltr'><strong><em>τοίις</em></strong></span> <span class='ocrx_word' id='word_1_210' title='bbox 439 2410 567 2509; x_wconf 84' lang='grc' dir='ltr'><strong><em>κειμένους</em></strong></span> <span class='ocrx_word' id='word_1_211' title='bbox 580 2405 640 2478; x_wconf 79' lang='grc' dir='ltr'><strong><em>ὖμῖν</em></strong></span> <span class='ocrx_word' id='word_1_212' title='bbox 655 2409 765 2482; x_wconf 80' lang='grc' dir='ltr'><strong><em>πρᾶξαι,</em></strong></span> <span class='ocrx_word' id='word_1_213' title='bbox 787 2403 832 2462; x_wconf 85' lang='grc' dir='ltr'><strong><em>τόν</em></strong></span> <span class='ocrx_word' id='word_1_214' title='bbox 849 2406 878 2462; x_wconf 85' lang='grc' dir='ltr'><strong><em>δέ</em></strong></span> 
     </span>
     <span class='ocr_line' id='line_1_29' title="bbox 93 2483 876 2565; baseline 0.008 -24"><span class='ocrx_word' id='word_1_215' title='bbox 93 2486 213 2559; x_wconf 86' lang='grc' dir='ltr'><strong><em>μηδέν</em></strong></span> <span class='ocrx_word' id='word_1_216' title='bbox 182 2507 228 2559; x_wconf 83' lang='grc' dir='ltr'><strong><em>μεν</em></strong></span> <span class='ocrx_word' id='word_1_217' title='bbox 241 2483 383 2561; x_wconf 77' lang='grc' dir='ltr'><strong><em>ἀγαθόν’</em></strong></span> <span class='ocrx_word' id='word_1_218' title='bbox 362 2492 539 2565; x_wconf 82' lang='grc' dir='ltr'><strong><em>ειργασμένον,</em></strong></span> <span class='ocrx_word' id='word_1_219' title='bbox 552 2485 709 2565; x_wconf 81' lang='grc' dir='ltr'><strong><em>όπερπληθη</em></strong></span> <span class='ocrx_word' id='word_1_220' title='bbox 722 2484 748 2543; x_wconf 89' lang='grc' dir='ltr'><strong><em>δ</em></strong></span> <span class='ocrx_word' id='word_1_221' title='bbox 764 2494 876 2563; x_wconf 78' lang='grc' dir='ltr'><strong><em>ἐξημαρ-</em></strong></span> 
     </span>
     <span class='ocr_line' id='line_1_30' title="bbox 94 2565 876 2648; baseline 0.003 -23"><span class='ocrx_word' id='word_1_222' title='bbox 94 2565 199 2638; x_wconf 92' lang='grc' dir='ltr'><strong><em>τηκότα,</em></strong></span> <span class='ocrx_word' id='word_1_223' title='bbox 211 2570 303 2625; x_wconf 78' lang='grc' dir='ltr'><strong><em>τοῦτον</em></strong></span> <span class='ocrx_word' id='word_1_224' title='bbox 315 2569 381 2628; x_wconf 83' lang='grc' dir='ltr'><strong><em>οιῖτω</em></strong></span> <span class='ocrx_word' id='word_1_225' title='bbox 393 2574 533 2648; x_wconf 87' lang='grc' dir='ltr'><strong><em>προχείρως</em></strong></span> <span class='ocrx_word' id='word_1_226' title='bbox 545 2574 691 2644; x_wconf 85' lang='grc' dir='ltr'><strong><em>φαίνεσθαι</em></strong></span> <span class='ocrx_word' id='word_1_227' title='bbox 701 2573 746 2628; x_wconf 83' lang='grc' dir='ltr'><strong><em>καὶ</em></strong></span> <span class='ocrx_word' id='word_1_228' title='bbox 757 2569 832 2648; x_wconf 80' lang='grc' dir='ltr'><strong><em>παρὰ</em></strong></span> <span class='ocrx_word' id='word_1_229' title='bbox 845 2566 876 2627; x_wconf 85' lang='grc' dir='ltr'><strong><em>τό</em></strong></span> 
     </span>
     <span class='ocr_line' id='line_1_31' title="bbox 95 2649 875 2731; baseline 0.001 -23"><span class='ocrx_word' id='word_1_230' title='bbox 95 2654 225 2727; x_wconf 84' lang='grc' dir='ltr'><strong><em>συμφέρον</em></strong></span> <span class='ocrx_word' id='word_1_231' title='bbox 243 2653 287 2709; x_wconf 79' lang='grc' dir='ltr'><strong><em>καί</em></strong></span> <span class='ocrx_word' id='word_1_232' title='bbox 304 2652 335 2711; x_wconf 86' lang='grc' dir='ltr'><strong><em>τό</em></strong></span> <span class='ocrx_word' id='word_1_233' title='bbox 353 2655 451 2712; x_wconf 85' lang='grc' dir='ltr'><strong><em>δίκαιον</em></strong></span> <span class='ocrx_word' id='word_1_234' title='bbox 465 2656 584 2720; x_wconf 77' lang='grc' dir='ltr'><strong><em>ἐξουσίαν</em></strong></span> <span class='ocrx_word' id='word_1_235' title='bbox 599 2649 660 2731; x_wconf 80' lang='grc' dir='ltr'><strong><em>παρ’</em></strong></span> <span class='ocrx_word' id='word_1_236' title='bbox 675 2651 746 2728; x_wconf 80' lang='grc' dir='ltr'><strong><em>ὖμῶν</em></strong></span> <span class='ocrx_word' id='word_1_237' title='bbox 761 2656 809 2712; x_wconf 77' lang='grc' dir='ltr'><strong><em>τοῦ</em></strong></span> <span class='ocrx_word' id='word_1_238' title='bbox 821 2675 875 2713; x_wconf 78' lang='grc' dir='ltr'><strong><em>πα·</em></strong></span> 
     </span>
    </p>
   </div>
   <div class='ocr_carea' id='block_1_4' title="bbox 0 0 990 3114">
    <p class='ocr_par' dir='ltr' id='par_1_5' title="bbox 0 0 990 3114">
     <span class='ocr_line' id='line_1_32' title="bbox 0 0 990 3114; baseline 0 2"><span class='ocrx_word' id='word_1_239' title='bbox 0 0 990 3114; x_wconf 95' lang='lat' dir='ltr'><strong><em> </em></strong></span> 
     </span>
    </p>
   </div>
  </div>
 </body>
</html>
