1972 3114
146 232 179 282 gg
346 260 349 267 .
397 226 677 276 ΔΗΜΟΣΘΕΝΟΥΣ
888 238 935 284 ιιι.

188 335 271 397 σθαι,
297 331 347 386 τῶν
365 330 392 386 δὲ
408 330 537 405 ἐγγυητῶν
552 330 678 404 δημοσίαν
695 325 758 387 εἶναι
776 323 822 397 τὴν
837 323 937 384 οιίσέαν.

186 415 247 490 περὶ
264 414 293 469 δὲ
303 413 355 470 τῶν
366 408 513 486 ὠνουμένων
523 409 557 468 τό
570 415 640 483 τέλη,
660 415 705 471 καὶ
716 412 880 489 ἐγγυωμένων
894 411 938 466 καὶ

187 492 347 571 ἐκλεγόντων,
354 497 402 552 aaz
413 495 463 552 τῶν
475 492 509 551 τό
520 493 678 570 μισθώσιμα
690 495 883 569 μισθουμένων,
893 494 938 549 καὶ

188 581 238 637 τῶν
257 581 429 678 έγγυωμενων,
450 574 498 641 τός
517 575 625 653 πράξεις
642 574 710 635 ἐἶναι
731 578 764 654 τῇ
782 574 855 633 πόλει
868 573 937 631 κατὰ
983 624 984 629 ,

186 660 248 726 τοέις
266 658 360 734 νόμους
376 658 438 724 τοὺς
455 662 589 763 κειμενους
622 659 667 718 έόιν
685 657 711 717 δ’
727 663 770 718 ἐπι
786 662 833 729 τῆς
846 655 937 727 ἑνότης

187 745 343 820 πρυτανεέας
356 739 437 817 όφλη,
453 743 499 798 ταῶ
512 739 621 818 ιἰστέρου
633 745 749 825 ἐνιαυτοῦ
763 744 804 800 ἐπὶ
818 742 865 810 τῆς
877 738 935 798 ἐνό·
982 768 984 799 ι

187 849 233 896 της
244 848 261 895 η
248 821 384 894 “δενότης
395 829 551 935 πρυτανείας
562 829 673 883 ἐκτίνειν.
674 836 691 862 “

205 937 343 1012 Ἀιιηιιόατε
359 944 405 1015 μέν
422 930 469 998 τοῶ
486 938 575 1017 νόμου,
591 937 798 1042 μνημονιόετιδ
813 946 841 1008 ἐξ
856 935 936 997 06106

146 1050 191 1103 μοι
203 1026 305 1101 πρῶτον
316 1028 373 1098 μέν,
390 1021 433 1092 τό,
454 1025 498 1080 καὶ
515 1029 543 1081 εἶ’
550 1048 598 1082 τινι
610 1028 660 1082 τῶν
673 1023 825 1098 ὀφειλόντων
840 1021 936 1122 δεσμοῦ

146 1111 355 1186 πρσςτετέμηται,
379 1104 396 1177 6
417 1104 447 1164 τό
469 1104 559 1164 λοιπόν
578 1109 758 1184 προςτιμηθῇ·
781 1102 897 1165 ἔπειθ’
889 1103 936 1171 ότι,

146 1190 213 1261 πλὴν
226 1192 285 1266 περὶ
298 1192 349 1248 τῶν
362 1191 474 1247 τελωνῶν
488 1191 532 1247 καλ
544 1192 602 1266 περὶ
614 1193 665 1248 τῶν
680 1195 877 1291 μισθουμένων,
894 1187 938 1244 καὶ

147 1273 206 1335 ὅσοι
219 1277 303 1374 τμῶτα
316 1274 472 1348 έγγυῶνται,
482 1273 607 1348 χρῆσθαι
620 1271 762 1332 κελεύει
727 1296 762 1349 τρι
775 1271 855 1346 νόμῳ
878 1269 938 1334 όλος

146 1361 192 1434 μέν
203 1354 257 1434 γάρ
275 1353 379 1414 ἐστιν
361 1379 460 1413 απασιν
469 1358 590 1454 έναγτέος
608 1361 662 1422 τοῖς
680 1357 751 1424 σῶσι,
775 1353 918 1451 μάλιστα
910 1353 938 1408 δὲ

146 1443 244 1500 ταῦτα
265 1434 477 1515 γνῶσισθεδ’
462 1435 608 1504 ακοόσντες.
638 1442 695 1515 λεγε
706 1462 768 1505 τους
779 1460 874 1512 νόμους
888 1431 935 1492 06·

146 1528 208 1589 τοῖς.
230 1525 294 1598 λέγε.

147 1639 285 1689 ΝοΜοΣ
312 1618 481 1692 ,Διοκλῆς
457 1645 523 1689 ιιπε,
546 1621 608 1688 τοὺς
624 1619 719 1696 νόμους
737 1619 798 1687 τοὺς
813 1617 866 1726 πρὸ
884 1614 936 1676 Εὗ-

188 1706 288 1763 ιιλιέδου
304 1707 429 1770 τεθέντας
447 1712 473 1763 έν
490 1707 662 1782 δημοκρατίᾳ,
683 1706 728 1762 καὶ
745 1703 806 1762 6000
825 1697 864 1758 ἐπ
886 1697 936 1759 E6·

189 1789 289 1845 ιιλεέδου
302 1790 441 1858 ἐτέθησαν,
455 1791 500 1846 καὶ
512 1789 577 1846 εἰσὶν
590 1785 821 1864 ἀναγεγραμμένοι,
835 1788 938 1860 κυρέους

188 1867 356 1935 εἶναιτοὺς
369 1871 396 1927 δέ
407 1893 455 1946 μετ
452 1866 613 1942 Ἐὗιιλεέδην
625 1874 763 1938 τεθέντας,
780 1871 827 1926 καὶ
838 1891 869 1926 το
860 1865 936 1925 λοι·

187 1953 239 2014 πόν
251 1956 415 2028 τιθεμένους,
440 1958 541 2030 νυρέους
555 1951 652 2012 εἶναι’
638 1952 692 2012 από
710 1956 755 2024 τῆς
772 1950 881 2028 ἡμέρας,
907 1939 939 2020 ἧς

188 2039 298 2102 ἕκαστος
315 2040 406 2108 ἐτέθη,
433 2036 538 2108 πλὴν’
517 2044 544 2095 ει
555 2060 592 2111 τρι
609 2040 829 2140 προςγέγραπται
834 2030 938 2109 χρόνος,

190 2120 278 2181 ὅντινα
290 2117 359 2178 δεῖ”
342 2143 435 2197 αργειν.
458 2118 616 2225 ἐπιγράψαι
629 2121 663 2188 δέ,
676 2125 730 2185 τοῖς
740 2120 787 2194 μὲν
798 2118 844 2175 νῶν
856 2118 937 2215 κειμέ·

189 2228 254 2271 νοις,
268 2203 313 2261 τὸν
323 2206 481 2305 γραμματέα
493 2206 538 2273 τῆς
550 2204 656 2278 βουλῆς,
674 2199 813 2279 ιριόιιαντα
824 2198 937 2274 ἡμερῶν·

188 2310 220 2344 το
210 2285 261 2343 δέ
273 2284 399 2355 λοιπόν,ι
384 2310 413 2352 ας
427 2285 460 2343 ῶν
472 2284 586 2362 τυγγόνη
599 2281 795 2385 γραμματεύων,
804 2303 937 2383 προςγρα-

189 2373 258 2442 φέτω
274 2391 435 2470 παραγρημα
453 2367 498 2428 τόν
514 2367 606 2442 νόμον
632 2367 720 2445 κόριον
737 2362 835 2424 εἶναι’
821 2363 875 2424 απὸ
892 2366 940 2433 τῆς

189 2450 320 2527 ἧμέρας,η
303 2443 449 2522 6966066

210 2569 306 2633 Καλῶς
323 2565 431 2640 ἐχόντων
448 2568 499 2626 τῶν
516 2565 613 2643 νόμων,
639 2574 701 2642 (m)
720 2557 741 2626 6
761 2563 853 2643 ἄνδρες
865 2566 937 2622 δικα-

150 2655 223 2719 σταέ,
245 2652 296 2709 τῶν
312 2649 492 2727 ὑπαρχόντων,
514 2650 559 2709 ὅδε
575 2649 590 2709 6
605 2652 652 2709 νῶν
665 2648 849 2727 ἀναγνωσθεὶς
859 2645 939 2721 νόμος

150 2733 256 2812 ῶςπτρεὶ
269 2731 379 2812 διώρισε,
389 2737 433 2792 καὶ
446 2736 624 2812 βεβαιοτέρως
636 2738 755 2806 ἐποίησιν
769 2729 872 2797 αιίτοός.
896 2751 937 2788 ιιι-
