1972 3114
93 213 142 264 124
346 213 624 263 ΔΗΜΟΣΘΕΝΟΥΣ
832 225 880 269 ι’52.

94 312 265 422 δεσμωτήριον
283 319 465 381 καθίστασαν,
484 312 544 380 τοὺς
563 308 637 371 ἕνδεκ’
654 309 790 390 ἀμοντες’
778 314 820 369 επὶ
833 311 883 378 τὰς

95 399 183 462 οἰκίας.
206 401 296 464 καίτοι,
308 421 329 454 ω
315 387 446 503 Ξάνδρες’
441 403 582 468 Αθηναῖοι,
594 420 618 453 τι
615 400 731 462 ὀίεσθε,
742 391 849 451 δπότη
832 419 880 451 αν-

94 485 204 556 θρωπος
217 483 299 579 πένης,
312 475 329 550 ἢ
343 503 388 536 και
379 477 533 546 πλοόσιος,
546 477 629 536 πολλὰ
643 476 667 534 δ’
684 475 826 548 ἀνηλωκώς,
836 481 886 533 καί

94 559 137 619 τιν’
153 568 215 628 ἴσως
227 559 322 638 τρόπον
335 559 437 626 εἰκότως
451 557 497 619 οδκ
511 559 626 637 εὐπορῶν
641 557 772 660 ἀργυρίου,
780 558 816 633 μή
829 557 880 666 μό

93 667 137 702 νον
149 645 184 710 εἰς
202 643 247 715 τήν
264 640 363 720 ἀγοράν
379 640 477 719 φοβοῖτ’
493 645 621 718 ἐμβαλεῖν,
648 641 713 699 ἀλλὰ
731 639 792 716 μηδ’
815 648 883 699 οἷ’κοι

94 731 174 800 με’νειν
191 723 307 799 ἀσφαλίς
324 725 425 802 ήμοῒτο·
448 725 462 783 δ
482 728 509 782 δὲ
526 723 623 784 τοότων
640 732 722 791 αἶ’τιος
732 722 881 800 Ἀνδροτίων

95 815 140 879 εἴη,
154 807 184 865 δν
197 805 254 866 εὗδ’
269 807 334 884 ὑπὲρ
347 807 428 866 αὖτοῦ
442 810 512 879 δίκην
523 811 552 881 ἐᾷ
567 809 652 882 λαβεῖν
664 807 698 865 τὰ
710 811 881 883 πεπραμμένοι

95 893 140 948 καὶ
157 891 306 965 βεβιωμένα,
332 888 367 965 μή
385 894 412 948 τί
426 887 449 967 μ’
464 891 530 966 δπὲρ
545 895 591 961 τής
608 889 705 956 πόλεως
723 887 881 965 εῖςπράττειν

95 971 228 1049 εἶςφοράςς
254 977 338 1030 καίτοι
352 980 413 1044 (752)
428 979 455 1030 εί
462 997 499 1039 τις
512 971 585 1049 ἔροιτ’
603 971 695 1040 αιἰτόν,
707 971 724 1044 ή
738 976 779 1039 σε’,
797 962 816 1029 ὦ
833 983 879 1028 Τι-

94 1054 233 1157 μόκρατες,
254 1055 297 1113 τόν
312 1059 442 1156 ἐπαινέτην
454 1055 550 1114 τούτων
562 1059 606 1113 καί
619 1053 743 1132 συνεργόν
748 1098 755 1123 ,
768 1053 815 1120 τάς
829 1054 878 1119 είς-

95 1137 179 1238 φοράς
196 1135 306 1213 πότερον
323 1137 356 1195 τά
376 1162 492 1212 κτηματα
508 1163 524 1209 η
544 1137 577 1195 τά
592 1137 700 1213 στόματα
714 1134 820 1212 ὀφείλει,
846 1136 880 1194 τά

94 1220 211 1322 κτήματα
228 1217 366 1294 φήσαιτ’
348 1245 393 1288 αν,
419 1226 490 1298 εἴπερ
512 1218 601 1293 ἀληθή
607 1198 702 1322 λέγειν
723 1218 879 1323 βούλοισθε·

96 1301 149 1361 ἀπὸ
162 1302 216 1380 γάρ
228 1301 326 1362 τούτων
339 1303 490 1406 εἷςηεέρομεν.
507 1294 619 1370 τίνος
589 1328 634 1405 ραν
647 1301 717 1372 ἕνεκ’,
730 1328 750 1363 ω
739 1295 881 1361 κάκιστοι

94 1384 197 1444 πάντων
209 1383 411 1462 ἀνθρώπων,
396 1391 503 1460 αφέντες
518 1385 549 1445 τό
567 1386 601 1444 τά
612 1391 694 1463 χωρία
710 1385 824 1461 δημεύειν
837 1389 881 1443 καί

94 1468 142 1535 τάς
154 1469 248 1536 οἰκίας,
273 1471 317 1525 καί
333 1466 404 1526 ταῦτ’
420 1467 596 1546 ἀπογράφειν,
622 1472 700 1527 ἐδεῖτε
712 1473 756 1528 καί
768 1469 881 1544 δβρίζετε

93 1555 201 1616 πολίτας
219 1548 378 1626 ἀνθρώπους
393 1555 438 1609 καί
457 1551 518 1617 τούς
537 1550 717 1629 ταλαιπώρους
740 1557 880 1626 μετοίκους,

86 1635 88 1638 ⁴
96 1629 134 1699 οἷς
145 1631 381 1709 δβριστικιότερον“
366 1641 450 1708 υμεῒς,
471 1633 487 1705 ή
500 1641 554 1700 τοῖς
566 1636 674 1701 οικίταις
687 1659 741 1701 τοις
752 1635 881 1710 ὑμετέροις

95 1713 193 1783 αιἰτῶν,
211 1718 340 1798 ἐχρήσθες
366 1720 411 1774 καί
426 1716 476 1791 μήν
499 1740 520 1774 ει
512 1719 629 1775 ’θελετε
647 1722 805 1794 σκέψασθαι
817 1713 877 1791 παρ’

93 1797 153 1872 υμῖν
167 1794 268 1866 αάτοῖς,
285 1822 306 1855 ω
296 1795 410 1876 ἀνδρες
422 1802 556 1870 δικασταί,
573 1825 597 1858 τι
593 1799 755 1859 δουλον
713 1826 729 1872 η
743 1798 881 1875 ἐλεύθερον

94 1878 159 1940 εἶναι
171 1883 296 1960 διαφέρει,
313 1884 390 1940 τοδτο
403 1887 524 1960 με’μιστον
537 1881 569 1941 ἀν
582 1882 692 1960 εὕροιτε,
711 1883 751 1942 δτι
769 1889 822 1948 τοῖς
835 1886 880 1957 μὲν

94 1952 195 2031 δοόλοις
211 1963 241 2024 τό
259 1966 335 2040 σῶμα
353 1967 403 2023 τῶν
421 1963 583 2040 ἀδικημάτων
597 1964 718 2024 ἁπάντων
730 1963 881 2025 δπεόθυνόν

94 2055 160 2118 ἐστι,
179 2054 233 2115 τοῖς
252 2045 276 2104 δ’
293 2053 440 2125 ἐλευθέροις
450 2048 565 2107 ὕστατον
578 2051 655 2107 τοδτο
667 2047 788 2126 προςήκει
801 2046 879 2106 κολά-

95 2136 150 2202 ζειν.
173 2133 197 2190 οἱ
210 2132 237 2188 δὲ
249 2127 397 2190 τοδναντίον
410 2133 445 2197 εἰς
457 2130 491 2189 τά
506 2129 629 2206 στόματα,
645 2130 728 2208 ὥςπερ
747 2129 879 2208 ἀνδραπό-

95 2215 160 2280 δοις,
182 2212 336 2284 ἐποιήσαντο
353 2213 402 2279 τάς
420 2219 548 2291 τιμωρίας.
583 2213 650 2273 οὕτω
675 2212 700 2271 δ’
722 2211 816 2280 ἀνίσως
837 2216 882 2272 καὶ

94 2298 275 2361 πλεονεκτικῶς
289 2298 347 2368 ἔσχε
364 2294 432 2372 πρὸς
445 2295 514 2371 δμᾶς
523 2294 684 2374 Ἀνδροτίων,
705 2295 767 2362 ὥςτε
780 2296 881 2371 τὸνμὲν

96 2375 178 2435 αδτοίι
192 2382 291 2453 πατέρα
303 2376 367 2453 ᾤετο
381 2380 440 2447 δεῖν,
451 2381 561 2454 δημοσίᾳ
575 2382 686 2438 δεθέντα
700 2383 742 2438 ἐπὶ
751 2378 883 2456 χρήμασιν

95 2467 121 2518 ἐν
134 2461 169 2533 τῷ
184 2461 358 2534 δεσμωτηρίῳ,
371 2460 428 2562 μήτ’
446 2459 580 2521 ἀποδόντα
592 2464 677 2520 ταῦτα
689 2461 753 2537 μήτε
768 2460 879 2539 κριθέντ’

96 2539 256 2618 ἀποδράναι,
269 2544 320 2600 τῶν
334 2541 358 2599 δ’
375 2542 457 2603 ἀλλων
468 2543 617 2603 πολιτῶν
592 2569 636 2602 τον
648 2569 682 2620 μη
673 2543 877 2646 δυνάμενον“
849 2569 883 2603 τα

95 2629 189 2683 εἀυτου
177 2627 307 2692 θεῖναι,
334 2628 481 2684 οιλιοθεν’
460 2650 495 2692 εις
512 2626 543 2685 τό
563 2626 736 2728 δεσμωτήριον
755 2626 882 2701 ἀχθέντα,

95 2707 132 2780 δφ
130 2703 247 2766 ’ίαοτοδ
260 2709 393 2767 δεδόσθαι
429 2712 474 2768 καὶ
489 2707 650 2786 Τιμοκράτης
663 2711 769 2785 τῶνμεν
781 2715 883 2769 πολλῶν
