1972 3114
128 242 160 291 δε
364 243 643 293 ΔΗΜΟΣΘΕΝΟΥΣ
864 255 913 301 εει,

127 341 144 413 ἢ
158 341 203 400 δύο
217 339 362 415 θαυμάζειν
377 341 541 419 ἇνθρόπους.
572 340 623 400 εἷθ’
640 333 709 402 ούτσι
724 344 913 419 κληρονομοῦσι

127 428 172 495 τῆς
183 423 307 501 ύμετόρας
324 423 412 496 δόξης,
435 429 546 484 καὶτῶν
562 426 697 503 ὑμετέρων,
721 423 792 499 δμεῖς
809 420 834 481 δ’
850 420 910 482 οὔδ’
924 443 925 447 ’

127 506 213 566 δτιούν
226 503 379 576 ἀπολαύετε,
392 505 456 566 άλλά
468 507 595 585 μάρτυρές
606 516 664 567 ίστε
675 511 725 566 τῶν
738 511 829 584 ἑτέρων
842 503 910 584 ύγα-

126 592 198 657 θῶν,
217 586 321 656 οὐδενός
340 588 418 649 αἰλλου
435 596 591 665 μειεγοντες,
608 589 626 662 ἢ
645 595 691 649 τοῦ
709 593 910 657 ἐξαπατᾶσθαι

127 677 211 730 καίτοι
228 675 334 743 πηλίκον
351 677 377 730 τί
392 671 448 732 ποτ’
466 672 499 731 άν
511 671 658 740 στενάξειαν
672 675 697 732 οἱ
709 671 800 750 ἄνδρες
813 677 911 740 ἐκείνοι,

127 757 152 813 οἱ
163 753 229 831 ὑπὲρ
241 753 317 824 δόξης
330 757 374 812 καὶ
387 759 535 832 ἐλευθερίας
553 753 759 826 τελευτήσαντες,
783 755 828 812 καί
843 759 909 812 πσλ-

127 840 176 896 ίεδν
189 839 233 893 καί
245 839 329 894 καλῶν
341 839 420 914 ἔργων
431 836 604 913 ύπομνήματα
617 836 808 905 καταλιπόντες,
820 838 843 896 εί
856 833 910 914 όίρα

127 925 275 985 αἴσθοιντο,
288 917 328 976 ότι
341 924 386 978 νῦν
398 918 414 991 ή
428 919 502 986 πόλις
514 922 549 986 εἷς
560 920 686 997 ύπηρέτσυ
701 924 788 996 σχῆμα
803 923 848 978 καλ
860 916 908 978 τά·

125 1008 164 1068 ξιν
176 1000 351 1077 προελήλυθε,
365 1007 420 1071 καί,
439 1005 587 1079 Χαρίδημον
601 1005 623 1062 εἰ
632 1003 683 1081 χρή
696 1008 829 1081 φρουρεῖν,
846 1003 907 1078 βου-

125 1082 238 1153 ίεύεταις
250 1087 414 1161 Χαρίδημονς
427 1091 502 1160 οἴμοι,

184 1164 246 1225 Ἀλλ
262 1165 292 1226 σύ
305 1166 373 1269 τοῦτ’
389 1171 443 1227 ἐστὶ
456 1168 486 1228 τό
499 1167 592 1237 δεινόν,
614 1171 636 1227 εἰ
648 1173 697 1228 τῶν
715 1165 865 1245 προγόνων,
884 1166 912 1224 οἳ

126 1248 327 1323 διενηνόχασιν“
312 1250 432 1310 απάνιων
444 1249 531 1329 άρετή,
542 1258 628 1328 χεῖρον
641 1250 831 1354 βουλευόμεθα,
845 1245 907 1316 ἇλλ,

126 1332 165 1391 ὅτι
178 1335 221 1390 καί
233 1331 336 1393 πάντων
349 1331 504 1440 ἄνθρωπον.
539 1338 593 1400 πῶς
605 1333 658 1411 γάρ
671 1331 717 1393 ούκ
731 1331 906 1411 αἷσχράν,Αι-

124 1414 229 1488 γινήτας
240 1420 286 1489 μὲν
299 1422 426 1519 τουτουσί,
436 1421 514 1489 νῆσον
527 1419 661 1484 οἰκοῦντας
675 1416 741 1476 οὕτω
750 1414 856 1517 μικράγ,
864 1415 907 1472 καί

126 1496 226 1556 ούδέν”
211 1523 323 1571 εχσντας,
336 1497 401 1574 ιη’
387 1524 407 1556 οι
420 1504 487 1577 μέγα
495 1499 547 1577 χρή
560 1506 663 1599 φρονεῖν
675 1497 779 1566 αύτούς,
796 1497 906 1572 Λάμπιν,

125 1581 155 1646 ὃς
166 1585 275 1656 μέγιστα
288 1581 428 1659 ναυκλήρια
445 1587 561 1654 κε’κτηται
577 1585 627 1642 τῶν
639 1591 699 1652 (691)
712 1582 846 1653 Ἑλλήνων,
864 1581 907 1638 καί

126 1661 298 1762 κατεσκεύακε
310 1663 355 1733 τήν
367 1663 485 1723 πόλιν’
454 1671 550 1734 αυτοῖς,
562 1669 607 1724 και
619 1665 649 1724 τὸ
662 1664 792 1765 ἐμπόριον,
803 1665 905 1765 μηδέπω

124 1749 169 1803 καί
182 1743 289 1845 τήμερον
301 1751 406 1818 πολίτην
417 1750 594 1819 πεποιῆσθαι,
616 1745 681 1805 ἄλλά
698 1746 771 1823 μόλις
789 1750 834 1814 τῆς
847 1743 902 1805 άτι-

124 1825 236 1894 λείας’
206 1828 285 1887 αυτὸν
297 1826 469 1900 ἠξιωκέναι
439 1855 483 1902 της
497 1856 543 1890 του
531 1835 694 1932 μετοικίου
710 1855 754 1888 και
745 1833 892 1905 Μεγαρέα

125 1914 258 1979 τουτουσί,
277 1911 338 1979 τούς
350 1912 525 1991 καταράτσύς,
548 1913 629 1980 σύτως
646 1903 674 1971 a&
693 1912 726 1970 τά
739 1909 801 1990 παρ’
819 1911 889 1971 σύτο

124 1992 260 2067 σεμνύνειν,
273 1994 334 2061 ὥςτε
343 1995 471 2098 Ἔμοιγε,
484 1995 529 2054 τόν
541 1995 704 2097 κυβερνήτην,
717 1995 762 2054 τόν
774 1995 840 2068 μετὰ
851 2004 880 2054 A

124 2077 244 2180 σάνδρου
249 2077 361 2144 λαβόντα
374 2079 482 2156 τριήρεις
499 2078 683 2179 διακσσίρις,”
668 2102 699 2138 οτ
720 2086 746 2137 ἐν
757 2077 839 2154 Αἰγὸς
857 2103 872 2133 π

125 2167 215 2267 ταμσῖς
231 2157 394 2237 ἠτυχήσαμεν
409 2162 493 2237 ήμεῖς,
517 2160 673 2239 πεμψάντων
694 2163 866 2235 Δακεδαιμονί

124 2247 167 2300 καί
191 2243 340 2304 κελευόντων
360 2244 530 2316 ποιήσασθαι
554 2241 714 2316 πολίτην,’
699 2247 858 2321 αποκρίνασί

124 2324 175 2391 ὅτι,
198 2325 261 2383 ὅταν
284 2325 377 2394 αύτούς
397 2331 470 2387 λ’δωσι
488 2327 654 2404 Σπαρτιάτην
671 2325 751 2386 αὐτόν
767 2349 848 2384 πεποι

123 2431 193 2474 νους,
221 2407 278 2465 τότε
298 2407 374 2470 αύτοι
394 2415 521 2489 Μεγαρέα
543 2409 705 2483 ποιήσονται·
729 2412 773 2466 καί
784 2407 839 2519 Ὡρ

124 2495 242 2558 ἐκείνους,
254 2496 331 2567 μέρος
344 2518 464 2596 τεταρτον
476 2491 625 2570 Εύβοίας’
599 2495 745 2561 σικσύντας,
763 2491 835 2551 τὸν]

125 2575 205 2645 δημσν
218 2576 309 2631 τοῦτον
323 2572 442 2652 αύιόν,
428 2568 448 2633 ὦ
459 2576 543 2676 μήτηρ
556 2581 602 2652 μὲν
614 2575 723 2653 ὑπάρχει
737 2581 823 2634 πσλῒτι

124 2654 210 2756 πατήρ
226 2654 298 2712 δι’
270 2681 317 2714 ουκ
334 2662 382 2734 ἐρῶ
401 2664 437 2726 τίς
456 2659 470 2730 ή
467 2657 588 2728 πόθεν,
616 2657 744 2730 (οὐδὲν
712 2682 765 2736 γαρ
780 2660 819 2716 δεῖ

124 2741 173 2796 τῶν
187 2736 333 2815 ἀναγκαίων
346 2739 427 2800 αὐτόν
439 2741 627 2813 ίξετάζεσθαι,)
639 2739 718 2800 άλλ’”
703 2765 772 2817 αμως
784 2740 810 2800 τί
