1972 3114
128 216 178 264 108
377 213 654 265 ΔΗΜΟΣΘΕΝΟΥΣ
864 224 911 270 735.

128 315 178 372 τῶν
194 311 289 388 νόμων,
310 311 327 370 όί
345 311 483 372 ιιελεόουσιΙ
493 320 573 372 ποιεῖν
586 311 631 374 τόν
644 316 751 372 τιθέντα
763 309 842 384 νόμον
854 336 911 369 και-

126 394 184 455 νόν·
212 399 256 454 καί
272 393 351 454 πόλιν
367 395 436 464 τῖμᾶς
452 399 570 464 ἐδίδαξα,
588 396 627 455 ότι
643 394 741 454 τούτων
753 391 809 453 οὗδ’
826 392 913 452 ὁτιοῦν

127 483 246 550 ἐποίησεν
259 470 341 545 οὗτος.
377 478 482 553 καὶμὴν
494 477 615 536 κάκείνων
631 475 736 550 ἦκοόετε
753 478 803 534 τῶν
819 474 913 550 νόμων,

128 557 166 628 οἷς
185 565 299 627 ἐναντίος
318 561 354 620 ὢν
374 558 491 636 ἐφαίνεθ’
511 561 526 620 ὃ
547 559 651 620 τούτου·
678 562 723 617 καὶ
744 557 850 623 τούτους
873 556 913 616 ὅτι

127 646 188 719 πρὶν
198 645 275 702 λαῖσαι
288 641 361 702 τόνδε
374 648 496 712 τέθεικεν,
510 647 665 702 ἐπίστασθε.
693 640 758 700 ἀλλὰ
770 640 820 716 μὴν
831 639 870 698 ὅτι
884 636 909 716 γ’

128 723 176 784 οὐκ
188 724 339 796 ἐπιτήδειος,
358 723 496 797 αἰκηκόατε·
520 724 578 803 ίίρτι
595 725 648 802 γὰρ
660 729 737 801 λόγων
749 721 911 796 ἐπαυσάμην.

129 805 221 865 οίικοῖιν
235 807 302 865 κατὰ
314 805 388 866 πάντ’
405 806 486 867 ἀδικεῖ
497 811 626 914 φανερῶς,
638 810 683 866 καί
696 804 769 866 οίιδὲν
782 803 841 864 ἔσθ’
858 804 873 863 ό
886 828 913 862 τι

129 895 279 993 φροντίσας,
293 888 349 948 οὐδ’
365 888 519 966 εὐλαβηθείς
530 895 655 966 φαίνεται,
668 886 751 946 ἀλλ”
736 910 820 965 εμοηε
832 889 911 971 δοκεῖ,

128 971 177 1030 κόίν
189 973 211 1030 εί
224 972 290 1049 πρὸς
302 972 401 1041 τοότοις
413 973 475 1032 αλλο
487 999 511 1032 τι
523 973 558 1050 μὴ
571 979 652 1032 ποιεῖν
666 976 808 1049 ἐγέγραπτο
821 977 847 1028 ἐν
856 975 912 1035 τοῖς

128 1045 188 1113 οίισι
199 1052 294 1128 νόμοις,
308 1055 357 1114 κόν
369 1060 446 1115 τοῖτο
458 1061 573 1128 ποιῆσαι.

188 1137 409 1212 Πανταχόθεν
378 1164 424 1214 μεν
435 1143 521 1198 τοίνυν
533 1137 609 1210 δῆλός
621 1133 711 1197 ἐσθ’”
697 1162 735 1196 οτι
748 1133 817 1195 ταίιτ
830 1138 911 1212 ῖηρα-

126 1241 176 1297 ψεν
193 1220 409 1329 ἐπιβουλεόρας,
410 1226 455 1280 καῖ
470 1221 536 1298 μετὰ
554 1246 600 1280 του
587 1220 818 1320 βουλεύσασθαι
835 1215 909 1276 ταῦτ

128 1301 221 1372 ἀδικεῖ,
248 1307 292 1404 καὶ
308 1301 339 1404 οὗ
357 1302 444 1409 γνώμῃ
463 1302 622 1381 διαμαρτών,
646 1298 803 1380 μόλισταδ’
820 1309 846 1359 ἐκ
863 1301 913 1360 τοῦ

126 1384 213 1444 πάντα
232 1385 277 1444 τόν
293 1385 373 1487 νόμον
384 1393 461 1490 μέχρι
468 1391 512 1459 τῆς
524 1384 638 1459 δστότης
652 1387 780 1459 συλλαβῆς
793 1386 913 1443 τοιοίιτον

126 1464 203 1526 είναι
226 1465 333 1527 οίιδί
300 1492 353 1545 γαρ
371 1467 461 1527 ουδ”’
445 1495 513 1528 ακτον
532 1467 604 1528 οὐδὲν
622 1472 716 1540 ἔθηκεν
730 1465 859 1570 δρθῶς”
844 1490 912 1539 εχον,

127 1547 218 1609 οτίδΗ
199 1574 235 1616 ως
250 1550 309 1625 δμῖν
326 1553 410 1626 ἔμελλε
428 1551 605 1624 λυσιτελήσειν.
639 1553 695 1619 πῶς
714 1574 758 1609 ουν
777 1573 824 1609 ουκ
843 1549 913 1615 εἰκὸς

126 1637 210 1708 μισεῖν
221 1657 266 1690 και
257 1635 448 1710 τιμωρεῖσθαι
459 1659 557 1704 τουτον,
566 1633 631 1701 όςτις
643 1635 689 1692 τοῦ
700 1636 746 1709 μὲν
759 1629 841 1738 δήμρυ
852 1629 911 1703 ηδι-

125 1718 233 1788 κημόνυυ
244 1712 409 1790 ημίλησεν,“
395 1741 459 1794 υπερ
473 1720 547 1775 δε
513 1741 563 1776 τον
575 1714 730 1788 ηδικηκότον
743 1716 788 1772 καί
799 1713 912 1816 ὕστερον

127 1793 300 1868 ἀδικησόντων
311 1797 372 1865 ταῖς
387 1797 480 1875 νόμους
497 1802 604 1872 ἒθηκενς
628 1793 807 1873 θαυμόζωδζ
827 1821 847 1855 ω
862 1820 910 1853 αν-

127 1881 187 1981 δρες
196 1882 372 1949 δικασταί,
341 1905 387 1953 της
399 1879 571 1949 αναιδείας’
540 1883 621 1941 αυτοῦ
633 1906 676 1949 το,
689 1880 762 1951 ηνίκα
775 1883 821 1954 μὲν
833 1881 911 1980 η’ρχεν

127 1959 205 2030 οὗτὸς
216 1985 263 2039 μετ
260 1960 496 2041 ’Ἀνδροτίωνος
469 1989 515 2023 τον
527 1967 597 2024 ἔλεον
609 1986 700 2022 τουτον
713 1964 798 2037 ἐπῖτηι
786 1959 910 2031 πλήθει

126 2054 188 2118 (735)
206 2047 243 2122 τῷ
261 2045 371 2149 δμετίρηι
388 2072 423 2124 μη
441 2045 624 2120 ποιήσασθαι,
649 2070 685 2121 τῳ
706 2042 854 2121 όπειρηκότι
874 2042 908 2101 τό

126 2130 220 2187 ἑαυτοῦ
234 2127 343 2231 χρήματ’
364 2131 512 2231 εἷςφίροντι,
531 2129 616 2201 ἐπειδη
633 2125 659 2186 δ
671 2126 838 2205 Ἀνδροτίωνα
852 2129 910 2193 ἔδει,

128 2237 145 2268 α
132 2208 268 2269 πόλαι·“
253 2210 371 2289 υφῇρητο
384 2214 430 2285 τῆς
439 2210 536 2278 πόλεως
547 2210 680 2289 χρηματα,
698 2216 862 2277 καταθεῖναι,
875 2206 909 2265 τό

126 2297 172 2367 μὲν
185 2291 254 2368 ίτρό,
271 2292 376 2352 τίιδΝ
361 2319 435 2364 ασια,
453 2292 512 2353 τότε
528 2296 618 2353 θεῖναι
635 2293 680 2353 τὸν
695 2289 855 2369 νόμσνέπΗ
841 2314 908 2350 ano·

128 2371 247 2451 παρήσει
264 2378 315 2434 τοῖν
331 2381 378 2450 μὲν
395 2377 473 2436 ὁσίων
490 2402 536 2448 της
553 2380 703 2444 διπλασίας,
727 2378 778 2434 τῶν
796 2376 870 2451 ῖερῶν
882 2375 909 2430 δὲ

127 2458 173 2527 τῆς
186 2458 368 2525 δεκαπλασίας.
402 2462 446 2518 καὶ
463 2459 530 2518 οίίτω
539 2459 605 2537 πρὸς
616 2458 647 2518 τὸ
659 2460 764 2528 πλῆθος
780 2457 806 2515 τό
819 2455 907 2533 δμίτε·

128 2562 174 2616 ρον
190 2538 385 2616 προςενήνεκται
402 2540 417 2600 ὃ
436 2539 529 2599 αὐτίκα
542 2541 613 2618 μόλα
625 2541 690 2617 δπίρ
703 2541 750 2599 τοῦ
763 2539 844 2615 δόμου
856 2537 908 2613 φή·

129 2644 182 2680 οων
193 2619 239 2680 τὸν
250 2620 328 2697 νόμον
339 2625 431 2683 τοῖιταν
442 2629 538 2683 θεῖναι.
573 2626 675 2689 δικαίως
688 2619 712 2680 δ’
728 2621 761 2682 όίν
774 2624 830 2698 ίμοί
842 2624 911 2680 δοκεῖ

121 2709 228 2777 Ιπαθεῖν
241 2703 340 2775 ὁτιοῦν,
353 2705 418 2773 όςτις
431 2712 512 2766 οίεται
525 2709 584 2775 δεῖν,
597 2708 619 2765 τί
632 2709 675 2782 μέν
687 2728 724 2771 τις
738 2702 909 2783 ἀγορανόμος,

13 2870 136 2946 du..
