1972 3114
162 212 212 262 ιτα
399 208 706 277 [Δαυοτοεαοττ]
897 221 947 271 πα

163 310 318 385 εληλυθύτες
334 316 510 381 καθεδεῖσθε,
534 311 664 386 φοβοῦμαι
682 308 717 384 μίγ
735 307 765 368 τὸ
783 310 893 386 πρᾶγμα
911 311 947 377 εἷς
971 307 979 388 1]

164 394 313 454 τούναντίον
324 397 432 472 περιστῇ
423 419 492 468 γκαι
482 393 664 458 δοκούντες“
649 399 721 468 ημεῖς
730 389 946 469 Ἀριστογείτονος
984 435 986 448 2

162 485 313 556 κατηγορεῖν
328 477 398 554 ὖμῶν
414 478 614 553 κατηγοροῦντες
625 477 756 550 φανῶμεν
780 473 835 549 ὅσῳ
848 474 901 552 γὰρ
913 474 947 534 ύν
969 504 980 540 ι

161 561 296 664 μᾶλλαν“
282 563 352 636 ημῶν
378 559 512 628 δειξάντων
538 557 584 630 τὴν
607 556 700 616 τούτου
725 562 850 658 πονηρίαν
868 560 946 632 μηδὲν
977 608 978 612 ,

161 643 232 719 ὑμεῖς
242 647 402 720 φροντίσητε,
414 640 531 716 τοσούτω
544 639 660 716 μείζων
644 663 661 710 η
676 637 740 697 καθ
754 639 825 715 ύμῶν
838 638 946 713 αῖσγύνη
969 689 983 701 ,,

161 724 304 800 γενήσεται.
326 728 370 783 και
374 727 438 826 περι
449 747 495 800 μεν
507 746 604 781 τουτων
616 721 701 780 ῖκανύ
974 727 979 791 ξ

223 805 351 876 H6wd',
368 831 388 864 ω
374 797 490 884 ανδρες
501 804 647 877 Αθηναιοτ,
664 803 730 879 μετὰ
747 802 837 876 πύσης
854 803 944 863 οῖκειό-
969 814 983 870 {¹

161 913 238 959 τητος
254 896 302 966 ίρω
290 887 423 961 τάληθῆ
436 887 502 966 πρὸς
511 888 586 964 ὑμᾶς.
620 887 671 964 εγώ
682 887 735 995 γὰρ
750 895 776 946 ἐν
787 895 845 953 ταῖς
856 894 944 959 ἐκκλη-

163 976 231 1038 σίαις
241 971 321 1080 ὃρῶν
330 972 398 1048 δμᾶς
413 969 622 1036 κατατάττοντάς
637 994 670 1046 με
690 973 735 1028 καί
757 975 943 1048 προχειριζομέ-
979 960 981 979 ¹

160 1078 220 1120 νσυς
236 1058 278 1112 ατί
295 1053 340 1125 τὴν
355 1054 449 1113 τούτου
466 1058 635 1130 κατηγορίαν,
659 1051 782 1128 ἠχθόμην
795 1056 839 1110 καί
849 1053 887 1128 μὰ
900 1051 972 1111 τὸν
970 1090 986 1140 ,

161 1141 213 1194 Δία
226 1162 269 1194 και
280 1161 382 1203 παντας
394 1135 477 1202 θεους
490 1158 535 1195 ουκ
547 1134 698 1212 ηβουλομην
726 1132 945 1243 ούγάρηγγύουν
976 1152 983 1171 ”

160 1219 200 1277 ὅτι
219 1218 233 1278 δ
250 1217 364 1290 ποιήσας
381 1245 405 1278 τι
418 1223 534 1278 τοιοῦτον
546 1217 607 1296 παρ’
623 1217 681 1318 ύμῖν
695 1244 740 1276 και
731 1216 878 1276 παθεῖν’
864 1222 943 1294 απὲρ-
970 1260 983 1288 ,

157 1325 244 1376 χεται
265 1325 286 1360 ει
277 1301 370 1359 ’δὲ
338 1326 374 1376 μη
387 1301 567 1374 τηλικσῦτον”
546 1325 608 1368 ωςτε
621 1300 704 1401 εύθύς
718 1305 877 1370 αἰσθέσθαι,
889 1296 977 1383 ἀλλ’,Ι
983 1367 984 1370 ρ

159 1393 205 1443 εαν
215 1383 300 1444 πολλα
312 1386 419 1442 τοιαῦτα
433 1387 495 1461 ποιῇ
508 1388 553 1443 καί
564 1409 599 1460 μη
614 1383 740 1455 παύηται,
766 1382 832 1457 ταχύ
844 1381 942 1460 γνώσε-
971 1410 985 1454 g

158 1492 209 1525 ται.
245 1467 314 1542 ὅμως
327 1464 381 1524 δὲ
367 1475 509 1544 αναγκαῖον
521 1466 643 1552 ηγούμην
651 1464 714 1524 εἶναι
726 1471 877 1524 πείθεσθαι
890 1471 944 1531 τοῖς
972 1494 984 1548 ,γ

157 1549 287 1626 ὑμετέροις
304 1547 468 1624 βουλήμασιν.
502 1550 597 1626 τὰμὲν
612 1553 658 1608 ούν
675 1552 734 1626 περὶ
751 1574 797 1620 της
818 1551 945 1616 ἐνδείξεως

120 1686 122 1689 .
159 1634 203 1689 καί
215 1636 266 1690 τῶν
277 1631 361 1705 νόμων
374 1630 505 1690 δίκαια’
474 1631 561 1701 αυτόν,
576 1633 639 1709 ὅπερ
651 1637 783 1703 πεποίηκε,
792 1633 981 1721 Λυκοῦργον

158 1713 253 1790 ἐρεῖν“
239 1712 365 1814 ηγούμην,
391 1718 434 1773 καί
452 1715 512 1780 τούς
533 1714 667 1793 μάρτυρας
688 1717 734 1785 τῆς
754 1719 877 1822 πονηρίας
899 1737 977 1789 της

158 1793 253 1854 τούτου
266 1800 356 1856 τοῦτον
357 1796 453 1900 ἑύρφν
466 1796 699 1874 προςκαλσύμενον·
719 1823 735 1853 α
723 1796 777 1854 ‘66
790 1800 944 1873 καίλογίζε-
978 1830 980 1835 «

159 1885 231 1936 σθαι
242 1877 303 1945 τσὺς
314 1879 378 1958 ὑπὲρ
391 1879 489 1946 πόλεως
502 1884 546 1938 καί
557 1879 640 1954 νόμων
653 1883 849 1957 βουλευομένους
861 1903 944 1955 προς·
974 1928 986 1963 Σ

156 1959 212 2032 ήκει
222 1970 283 2034 (774)
293 1987 336 2020 και
328 1965 512 2022 σκοπεῖσθαι
525 1966 569 2032 δεῖ,
582 1966 665 2021 ταῦτα
677 1961 843 2047 προηρυύμην
856 1963 945 2030 εἰπεῖν,

158 2047 203 2103 καί
215 2045 260 2103 νύν
272 2047 314 2102 ἐπί
325 2047 409 2104 ταύτα
422 2044 591 2150 πορεύσομαι
605 2045 663 2105 δότε
676 2042 711 2114 δ’,
725 2070 745 2103 ω
736 2041 867 2121 ἆνδρες’
860 2051 943 2115 Αθη-

158 2133 234 2196 ναῖοι,
248 2126 306 2185 δότε
320 2131 364 2186 καί
376 2127 563 2206 συγχωρήσατε
572 2152 617 2203 μοι
628 2127 694 2206 πρὸς
708 2126 810 2197 Διός,
792 2151 826 2193 ως
839 2131 980 2219 πέφυκα

157 2212 202 2266 καὶ
222 2208 369 2286 προήρημαι
390 2215 449 2287 περί
469 2209 566 2269 τούτων
588 2213 757 2286 διαλεχθῆναι
774 2209 843 2288 πρὸς
859 2209 944 2285 δμᾶς
978 2242 980 2247 ·

158 2293 202 2348 και
214 2315 266 2367 γαρ
279 2291 368 2349 αυδ
351 2319 384 2350 αν
397 2293 479 2362 αλλως
490 2297 618 2369 δυναίμην

215 2371 328 2437 Ἀπας“
315 2399 329 2431 σ
348 2380 397 2433 τῶν
415 2374 564 2480 ἀνθρώπων
581 2367 684 2453 βίος,
664 2401 684 2434 ω
698 2373 806 2452 ύνδρες’
799 2380 945 2446 Αθηναῖοι,

156 2453 206 2512 κύν
216 2452 330 2529 μεγάλην
341 2457 452 2515 πόλιν’
428 2461 516 2517 οικῶσι
529 2456 577 2516 κύν
588 2457 692 2535 μικράν,
707 2456 784 2530 φύσει
798 2461 843 2516 καί
853 2455 946 2532 νόμοις

157 2539 295 2594 διοικεῖται
329 2538 503 2598 τούτωνδ’
488 2565 504 2611 η
521 2545 566 2616 μὲν
582 2540 660 2615 φύσις
676 2539 781 2597 satist
764 2563 877 2599 ατακτον
898 2545 946 2600 καί

156 2616 297 2725 ἀνώμαλον
307 2622 352 2677 καί
364 2646 413 2679 κατ
410 2619 516 2698 ’ἄνδρα
531 2625 649 2681 ῖδιον
603 2648 650 2681 του
663 2625 774 2694 ἔχοντες,
789 2649 814 2681 οι
805 2620 898 2679 66'
848 2646 945 2724 νομφι

156 2700 240 2760 κοινὸν
253 2704 297 2760 καί
310 2709 462 2781 τεταγμένον
474 2707 518 2762 καί
529 2701 609 2764 ταύτὸ
622 2706 710 2763 πᾶσιν.
743 2730 760 2777 η
772 2708 819 2780 μὲν
831 2696 876 2764 σύν
888 2704 942 2779 φύ-

49 2850 178 2946 ’Ἰ
