<?xml version="1.0" encoding="UTF-8"?>
<!DOCTYPE html PUBLIC "-//W3C//DTD XHTML 1.0 Transitional//EN"
    "http://www.w3.org/TR/xhtml1/DTD/xhtml1-transitional.dtd">
<html xmlns="http://www.w3.org/1999/xhtml" xml:lang="en" lang="en">
 <head>
  <title>
</title>
<meta http-equiv="Content-Type" content="text/html;charset=utf-8" />
  <meta name='ocr-system' content='tesseract 3.04.00' />
  <meta name='ocr-capabilities' content='ocr_page ocr_carea ocr_par ocr_line ocrx_word'/>
</head>
<body>
  <div class='ocr_page' id='page_1' title='image "./demosthenisorat06demogoog_0270.png"; bbox 0 0 1972 3114; ppageno 0'>
   <div class='ocr_carea' id='block_1_1' title="bbox 61 223 849 279">
    <p class='ocr_par' dir='ltr' id='par_1_1' title="bbox 61 223 849 279">
     <span class='ocr_line' id='line_1_1' title="bbox 61 223 849 279; baseline -0.008 -1"><span class='ocrx_word' id='word_1_1' title='bbox 61 235 105 279; x_wconf 69' lang='lat'><strong><em>8⁹1.</em></strong></span> <span class='ocrx_word' id='word_1_2' title='bbox 269 223 365 271; x_wconf 79' lang='grc' dir='ltr'><strong><em>ΠΡΟΣ</em></strong></span> <span class='ocrx_word' id='word_1_3' title='bbox 388 223 639 271; x_wconf 82' lang='grc' dir='ltr'><strong>ΑΠΑΤΟΥΡΙΟΝ.</strong></span> <span class='ocrx_word' id='word_1_4' title='bbox 800 223 849 272; x_wconf 78' lang='grc'><strong><em>255</em></strong></span> 
     </span>
    </p>
   </div>
   <div class='ocr_carea' id='block_1_2' title="bbox 56 318 850 481">
    <p class='ocr_par' dir='ltr' id='par_1_2' title="bbox 56 318 850 481">
     <span class='ocr_line' id='line_1_2' title="bbox 58 318 850 399; baseline 0.003 -21"><span class='ocrx_word' id='word_1_5' title='bbox 58 346 109 389; x_wconf 91' lang='grc' dir='ltr'><strong><em>τον,</em></strong></span> <span class='ocrx_word' id='word_1_6' title='bbox 124 319 224 398; x_wconf 82' lang='grc' dir='ltr'><strong><em>πρᾶγμ’</em></strong></span> <span class='ocrx_word' id='word_1_7' title='bbox 242 319 307 379; x_wconf 75' lang='grc' dir='ltr'><strong><em>εἶναι</em></strong></span> <span class='ocrx_word' id='word_1_8' title='bbox 317 323 401 398; x_wconf 86' lang='grc' dir='ltr'><strong><em>μηδέν.</em></strong></span> <span class='ocrx_word' id='word_1_9' title='bbox 424 323 468 379; x_wconf 82' lang='grc' dir='ltr'><strong><em>καί</em></strong></span> <span class='ocrx_word' id='word_1_10' title='bbox 480 320 515 388; x_wconf 80' lang='grc' dir='ltr'><strong><em>ὦς</em></strong></span> <span class='ocrx_word' id='word_1_11' title='bbox 528 318 618 394; x_wconf 79' lang='grc' dir='ltr'><strong><em>αἰληθῆ</em></strong></span> <span class='ocrx_word' id='word_1_12' title='bbox 632 326 704 399; x_wconf 87' lang='grc' dir='ltr'><strong><em>λέγω,</em></strong></span> <span class='ocrx_word' id='word_1_13' title='bbox 718 320 850 381; x_wconf 81' lang='grc' dir='ltr'><strong><em>όκοόσατε</em></strong></span> 
     </span>
     <span class='ocr_line' id='line_1_3' title="bbox 56 408 275 481; baseline 0.009 -21"><span class='ocrx_word' id='word_1_14' title='bbox 56 408 106 460; x_wconf 78' lang='grc' dir='ltr'><strong><em>τῶν</em></strong></span> <span class='ocrx_word' id='word_1_15' title='bbox 118 408 275 481; x_wconf 82' lang='grc' dir='ltr'><strong><em>μαρτυριῶν.</em></strong></span> 
     </span>
    </p>
   </div>
   <div class='ocr_carea' id='block_1_3' title="bbox 360 507 542 581">
    <p class='ocr_par' dir='ltr' id='par_1_3' title="bbox 360 507 542 581">
     <span class='ocr_line' id='line_1_4' title="bbox 360 507 542 581; baseline 0 -19"><span class='ocrx_word' id='word_1_16' title='bbox 360 507 542 581; x_wconf 88' lang='grc' dir='ltr'><strong><em>(Μαρτυρίαι.)</em></strong></span> 
     </span>
    </p>
   </div>
   <div class='ocr_carea' id='block_1_4' title="bbox 10 650 850 1400">
    <p class='ocr_par' dir='ltr' id='par_1_4' title="bbox 57 650 850 1228">
     <span class='ocr_line' id='line_1_5' title="bbox 121 650 847 730; baseline -0.001 -18"><span class='ocrx_word' id='word_1_17' title='bbox 121 651 200 712; x_wconf 81' lang='grc' dir='ltr'><strong><em>Μετὰ</em></strong></span> <span class='ocrx_word' id='word_1_18' title='bbox 215 655 298 711; x_wconf 72' lang='grc' dir='ltr'><strong><em>ταῦτα</em></strong></span> <span class='ocrx_word' id='word_1_19' title='bbox 314 657 397 712; x_wconf 78' lang='grc' dir='ltr'><strong><em>τοίνυν</em></strong></span> <span class='ocrx_word' id='word_1_20' title='bbox 411 655 467 729; x_wconf 84' lang='grc' dir='ltr'><strong><em>ἐμοί</em></strong></span> <span class='ocrx_word' id='word_1_21' title='bbox 479 657 525 728; x_wconf 89' lang='grc' dir='ltr'><strong><em>μέν</em></strong></span> <span class='ocrx_word' id='word_1_22' title='bbox 539 651 597 713; x_wconf 81' lang='grc' dir='ltr'><strong><em>ον’ίτε</em></strong></span> <span class='ocrx_word' id='word_1_23' title='bbox 608 659 695 730; x_wconf 78' lang='grc' dir='ltr'><strong><em>μείζον</em></strong></span> <span class='ocrx_word' id='word_1_24' title='bbox 708 650 759 713; x_wconf 74' lang='grc' dir='ltr'><strong><em>οὔτ’</em></strong></span> <span class='ocrx_word' id='word_1_25' title='bbox 774 657 847 712; x_wconf 78' lang='grc' dir='ltr'><strong><em>ἐλατ-</em></strong></span> 
     </span>
     <span class='ocr_line' id='line_1_6' title="bbox 57 733 850 813; baseline 0.003 -20"><span class='ocrx_word' id='word_1_26' title='bbox 57 761 103 793; x_wconf 90' lang='grc' dir='ltr'><strong><em>τον</em></strong></span> <span class='ocrx_word' id='word_1_27' title='bbox 122 735 189 812; x_wconf 88' lang='grc' dir='ltr'><strong><em>πρός</em></strong></span> <span class='ocrx_word' id='word_1_28' title='bbox 206 733 287 794; x_wconf 78' lang='grc' dir='ltr'><strong><em>αὐτόν</em></strong></span> <span class='ocrx_word' id='word_1_29' title='bbox 304 735 462 812; x_wconf 81' lang='grc' dir='ltr'><strong><em>συμβόλαιον</em></strong></span> <span class='ocrx_word' id='word_1_30' title='bbox 478 741 595 813; x_wconf 85' lang='grc' dir='ltr'><strong><em>γέγονεν·</em></strong></span> <span class='ocrx_word' id='word_1_31' title='bbox 618 737 633 796; x_wconf 83' lang='grc' dir='ltr'><strong><em>ὅ</em></strong></span> <span class='ocrx_word' id='word_1_32' title='bbox 657 739 684 794; x_wconf 85' lang='grc' dir='ltr'><strong><em>δέ</em></strong></span> <span class='ocrx_word' id='word_1_33' title='bbox 705 742 850 813; x_wconf 75' lang='grc' dir='ltr'><strong><em>Παρμένων</em></strong></span> 
     </span>
     <span class='ocr_line' id='line_1_7' title="bbox 57 811 850 895; baseline 0.003 -19"><span class='ocrx_word' id='word_1_34' title='bbox 57 818 188 886; x_wconf 78' lang='grc' dir='ltr'><strong><em>ἐδικάζετο</em></strong></span> <span class='ocrx_word' id='word_1_35' title='bbox 201 817 285 893; x_wconf 77' lang='grc' dir='ltr'><strong><em>τούτῳ</em></strong></span> <span class='ocrx_word' id='word_1_36' title='bbox 299 822 349 876; x_wconf 79' lang='grc' dir='ltr'><strong><em>τῶν</em></strong></span> <span class='ocrx_word' id='word_1_37' title='bbox 361 843 388 876; x_wconf 89' lang='grc' dir='ltr'><strong><em>τε</em></strong></span> <span class='ocrx_word' id='word_1_38' title='bbox 400 823 518 894; x_wconf 86' lang='grc' dir='ltr'><strong><em>πληγῶν,</em></strong></span> <span class='ocrx_word' id='word_1_39' title='bbox 531 811 567 878; x_wconf 75' lang='grc' dir='ltr'><strong><em>τόν</em></strong></span> <span class='ocrx_word' id='word_1_40' title='bbox 579 822 668 895; x_wconf 74' lang='grc' dir='ltr'><strong><em>ἐλαβεν</em></strong></span> <span class='ocrx_word' id='word_1_41' title='bbox 680 818 733 878; x_wconf 82' lang='grc' dir='ltr'><strong><em>ὖπό</em></strong></span> <span class='ocrx_word' id='word_1_42' title='bbox 747 819 850 888; x_wconf 85' lang='grc' dir='ltr'><strong><em>τοότου,</em></strong></span> 
     </span>
     <span class='ocr_line' id='line_1_8' title="bbox 57 901 850 978; baseline 0.003 -20"><span class='ocrx_word' id='word_1_43' title='bbox 57 901 103 958; x_wconf 80' lang='grc' dir='ltr'><strong><em>ὅτε</em></strong></span> <span class='ocrx_word' id='word_1_44' title='bbox 117 904 168 958; x_wconf 76' lang='grc' dir='ltr'><strong><em>τῶν</em></strong></span> <span class='ocrx_word' id='word_1_45' title='bbox 179 903 279 958; x_wconf 91' lang='grc' dir='ltr'><strong><em>παίδων</em></strong></span> <span class='ocrx_word' id='word_1_46' title='bbox 291 906 449 978; x_wconf 72' lang='grc' dir='ltr'><strong><em>ἐξαγομένων</em></strong></span> <span class='ocrx_word' id='word_1_47' title='bbox 460 901 600 976; x_wconf 74' lang='grc' dir='ltr'><strong><em>ἐπελάβετο</em></strong></span> <span class='ocrx_word' id='word_1_48' title='bbox 605 947 613 971; x_wconf 95' lang='grc'><strong><em>,</em></strong></span> <span class='ocrx_word' id='word_1_49' title='bbox 639 906 684 959; x_wconf 84' lang='grc' dir='ltr'><strong><em>καί</em></strong></span> <span class='ocrx_word' id='word_1_50' title='bbox 700 902 741 960; x_wconf 83' lang='grc' dir='ltr'><strong><em>ότι</em></strong></span> <span class='ocrx_word' id='word_1_51' title='bbox 754 906 800 960; x_wconf 79' lang='grc' dir='ltr'><strong><em>τοῦ</em></strong></span> <span class='ocrx_word' id='word_1_52' title='bbox 814 905 850 968; x_wconf 81' lang='grc' dir='ltr'><strong><em>εἷς</em></strong></span> 
     </span>
     <span class='ocr_line' id='line_1_9' title="bbox 57 983 850 1058; baseline 0.001 -17"><span class='ocrx_word' id='word_1_53' title='bbox 57 988 178 1042; x_wconf 72' lang='grc' dir='ltr'><strong><em>Σικελίαν</em></strong></span> <span class='ocrx_word' id='word_1_54' title='bbox 189 986 256 1041; x_wconf 80' lang='grc' dir='ltr'><strong><em>πλοῦ</em></strong></span> <span class='ocrx_word' id='word_1_55' title='bbox 270 983 312 1041; x_wconf 80' lang='grc' dir='ltr'><strong><em>διὰ</em></strong></span> <span class='ocrx_word' id='word_1_56' title='bbox 326 989 417 1043; x_wconf 85' lang='grc' dir='ltr'><strong><em>τοῦτον</em></strong></span> <span class='ocrx_word' id='word_1_57' title='bbox 434 983 612 1058; x_wconf 73' lang='grc' dir='ltr'><strong><em>κατεκωλύθη.</em></strong></span> <span class='ocrx_word' id='word_1_58' title='bbox 648 991 809 1056; x_wconf 77' lang='grc' dir='ltr'><strong><em>ἐνεστηκυίας</em></strong></span> <span class='ocrx_word' id='word_1_59' title='bbox 822 988 850 1042; x_wconf 86' lang='grc' dir='ltr'><strong><em>δέ</em></strong></span> 
     </span>
     <span class='ocr_line' id='line_1_10' title="bbox 57 1066 849 1145; baseline 0.005 -23"><span class='ocrx_word' id='word_1_60' title='bbox 57 1070 104 1136; x_wconf 76' lang='grc' dir='ltr'><strong><em>τῆς</em></strong></span> <span class='ocrx_word' id='word_1_61' title='bbox 119 1069 201 1136; x_wconf 88' lang='grc' dir='ltr'><strong><em>δίκης,</em></strong></span> <span class='ocrx_word' id='word_1_62' title='bbox 215 1068 317 1124; x_wconf 87' lang='grc' dir='ltr'><strong><em>δίδωσιν</em></strong></span> <span class='ocrx_word' id='word_1_63' title='bbox 330 1066 345 1125; x_wconf 86' lang='grc' dir='ltr'><strong><em>ό</em></strong></span> <span class='ocrx_word' id='word_1_64' title='bbox 360 1072 504 1144; x_wconf 73' lang='grc' dir='ltr'><strong><em>Παρμένων</em></strong></span> <span class='ocrx_word' id='word_1_65' title='bbox 518 1067 596 1145; x_wconf 84' lang='grc' dir='ltr'><strong><em>όρκον</em></strong></span> <span class='ocrx_word' id='word_1_66' title='bbox 608 1066 690 1144; x_wconf 73' lang='grc' dir='ltr'><strong><em>τούτῳ</em></strong></span> <span class='ocrx_word' id='word_1_67' title='bbox 705 1073 765 1145; x_wconf 84' lang='grc' dir='ltr'><strong><em>περί</em></strong></span> <span class='ocrx_word' id='word_1_68' title='bbox 776 1093 849 1126; x_wconf 89' lang='grc' dir='ltr'><strong><em>τινων</em></strong></span> 
     </span>
     <span class='ocr_line' id='line_1_11' title="bbox 57 1142 848 1228; baseline 0.001 -21"><span class='ocrx_word' id='word_1_69' title='bbox 57 1148 234 1226; x_wconf 73' lang='grc' dir='ltr'><strong><em>ἐγκλημάτων·</em></strong></span> <span class='ocrx_word' id='word_1_70' title='bbox 258 1153 302 1208; x_wconf 85' lang='grc' dir='ltr'><strong><em>καί</em></strong></span> <span class='ocrx_word' id='word_1_71' title='bbox 320 1142 398 1217; x_wconf 79' lang='grc' dir='ltr'><strong><em>οδτος</em></strong></span> <span class='ocrx_word' id='word_1_72' title='bbox 413 1153 530 1219; x_wconf 77' lang='grc' dir='ltr'><strong><em>ἐδέξατο,</em></strong></span> <span class='ocrx_word' id='word_1_73' title='bbox 552 1153 747 1225; x_wconf 72' lang='grc' dir='ltr'><strong><em>ἐπιδιαθέμενος</em></strong></span> <span class='ocrx_word' id='word_1_74' title='bbox 766 1149 848 1228; x_wconf 76' lang='grc' dir='ltr'><strong><em>ἀργό-</em></strong></span> 
     </span>
    </p>

    <p class='ocr_par' dir='ltr' id='par_1_5' title="bbox 10 1229 847 1400">
     <span class='ocr_line' id='line_1_12' title="bbox 10 1229 847 1319; baseline 0.002 -31"><span class='ocrx_word' id='word_1_75' title='bbox 10 1308 12 1319; x_wconf 41' lang='grc' dir='ltr'>Ι</span> <span class='ocrx_word' id='word_1_76' title='bbox 58 1257 123 1306; x_wconf 92' lang='grc' dir='ltr'><strong><em>ριον,</em></strong></span> <span class='ocrx_word' id='word_1_77' title='bbox 137 1231 182 1289; x_wconf 82' lang='grc' dir='ltr'><strong><em>ἐόν</em></strong></span> <span class='ocrx_word' id='word_1_78' title='bbox 193 1231 229 1306; x_wconf 84' lang='grc' dir='ltr'><strong><em>μή</em></strong></span> <span class='ocrx_word' id='word_1_79' title='bbox 243 1229 328 1308; x_wconf 81' lang='grc' dir='ltr'><strong><em>όμόσῃ</em></strong></span> <span class='ocrx_word' id='word_1_80' title='bbox 343 1233 388 1291; x_wconf 88' lang='grc' dir='ltr'><strong><em>τόν</em></strong></span> <span class='ocrx_word' id='word_1_81' title='bbox 402 1232 485 1310; x_wconf 86' lang='grc' dir='ltr'><strong><em>όρκον.</em></strong></span> <span class='ocrx_word' id='word_1_82' title='bbox 499 1236 543 1292; x_wconf 79' lang='grc' dir='ltr'><strong><em>καί</em></strong></span> <span class='ocrx_word' id='word_1_83' title='bbox 556 1232 596 1292; x_wconf 81' lang='grc' dir='ltr'><strong><em>ότι</em></strong></span> <span class='ocrx_word' id='word_1_84' title='bbox 610 1231 701 1306; x_wconf 76' lang='grc' dir='ltr'><strong><em>ἀληθῆ</em></strong></span> <span class='ocrx_word' id='word_1_85' title='bbox 714 1239 786 1311; x_wconf 90' lang='grc' dir='ltr'><strong><em>λέγω,</em></strong></span> <span class='ocrx_word' id='word_1_86' title='bbox 800 1239 847 1290; x_wconf 89' lang='grc' dir='ltr'><strong><em>λα-</em></strong></span> 
     </span>
     <span class='ocr_line' id='line_1_13' title="bbox 10 1310 648 1400; baseline 0.005 -29"><span class='ocrx_word' id='word_1_87' title='bbox 10 1322 14 1400; x_wconf 67' lang='grc' dir='ltr'>Ῐ</span> <span class='ocrx_word' id='word_1_88' title='bbox 58 1318 87 1389; x_wconf 78' lang='grc' dir='ltr'><strong><em>βέ</em></strong></span> <span class='ocrx_word' id='word_1_89' title='bbox 99 1339 144 1390; x_wconf 91' lang='grc' dir='ltr'><strong><em>μοι</em></strong></span> <span class='ocrx_word' id='word_1_90' title='bbox 157 1313 201 1386; x_wconf 77' lang='grc' dir='ltr'><strong><em>τήν</em></strong></span> <span class='ocrx_word' id='word_1_91' title='bbox 212 1321 364 1394; x_wconf 88' lang='grc' dir='ltr'><strong><em>μαρτυρίαν.</em></strong></span> <span class='ocrx_word' id='word_1_92' title='bbox 645 1310 648 1316; x_wconf 46' lang='grc'><strong>’</strong></span> 
     </span>
    </p>
   </div>
   <div class='ocr_carea' id='block_1_5' title="bbox 365 1438 539 1510">
    <p class='ocr_par' dir='ltr' id='par_1_6' title="bbox 365 1438 539 1510">
     <span class='ocr_line' id='line_1_14' title="bbox 365 1438 539 1510; baseline -0.011 -19"><span class='ocrx_word' id='word_1_93' title='bbox 365 1438 539 1510; x_wconf 87' lang='grc' dir='ltr'><strong><em>(Μαρτυρία.)</em></strong></span> 
     </span>
    </p>
   </div>
   <div class='ocr_carea' id='block_1_6' title="bbox 10 1561 850 2803">
    <p class='ocr_par' dir='ltr' id='par_1_7' title="bbox 58 1561 850 1892">
     <span class='ocr_line' id='line_1_15' title="bbox 121 1561 847 1642; baseline 0 -19"><span class='ocrx_word' id='word_1_94' title='bbox 121 1564 267 1641; x_wconf 75' lang='grc' dir='ltr'><strong><em>Δεξάμενος</em></strong></span> <span class='ocrx_word' id='word_1_95' title='bbox 279 1568 363 1622; x_wconf 87' lang='grc' dir='ltr'><strong><em>τοίνυν</em></strong></span> <span class='ocrx_word' id='word_1_96' title='bbox 375 1561 420 1624; x_wconf 82' lang='grc' dir='ltr'><strong><em>τόν</em></strong></span> <span class='ocrx_word' id='word_1_97' title='bbox 433 1565 523 1642; x_wconf 81' lang='grc' dir='ltr'><strong><em>ὅρκον,</em></strong></span> <span class='ocrx_word' id='word_1_98' title='bbox 541 1565 625 1635; x_wconf 80' lang='grc' dir='ltr'><strong><em>εἶδός,</em></strong></span> <span class='ocrx_word' id='word_1_99' title='bbox 644 1565 684 1624; x_wconf 84' lang='grc' dir='ltr'><strong><em>ότι</em></strong></span> <span class='ocrx_word' id='word_1_100' title='bbox 696 1568 786 1624; x_wconf 83' lang='grc' dir='ltr'><strong><em>πολλοί</em></strong></span> <span class='ocrx_word' id='word_1_101' title='bbox 799 1563 847 1623; x_wconf 80' lang='grc' dir='ltr'><strong><em>αό-</em></strong></span> 
     </span>
     <span class='ocr_line' id='line_1_16' title="bbox 59 1645 849 1724; baseline -0.004 -17"><span class='ocrx_word' id='word_1_102' title='bbox 59 1651 93 1724; x_wconf 62' lang='lat' dir='ltr'><strong><em>uf»</em></strong></span> <span class='ocrx_word' id='word_1_103' title='bbox 112 1653 274 1707; x_wconf 77' lang='grc' dir='ltr'><strong><em>συνείσονται</em></strong></span> <span class='ocrx_word' id='word_1_104' title='bbox 291 1646 485 1724; x_wconf 76' lang='grc' dir='ltr'><strong><em>ἐπιορκήσαντι,</em></strong></span> <span class='ocrx_word' id='word_1_105' title='bbox 510 1652 552 1707; x_wconf 79' lang='grc' dir='ltr'><strong><em>ἐπὶ</em></strong></span> <span class='ocrx_word' id='word_1_106' title='bbox 568 1653 613 1724; x_wconf 85' lang='grc' dir='ltr'><strong><em>μὲν</em></strong></span> <span class='ocrx_word' id='word_1_107' title='bbox 631 1646 661 1706; x_wconf 84' lang='grc' dir='ltr'><strong><em>τὸ</em></strong></span> <span class='ocrx_word' id='word_1_108' title='bbox 685 1645 781 1721; x_wconf 84' lang='grc' dir='ltr'><strong><em>όμόσαι</em></strong></span> <span class='ocrx_word' id='word_1_109' title='bbox 802 1646 849 1706; x_wconf 72' lang='grc' dir='ltr'><strong><em>οὐκ</em></strong></span> 
     </span>
     <span class='ocr_line' id='line_1_17' title="bbox 60 1729 850 1808; baseline 0 -19"><span class='ocrx_word' id='word_1_110' title='bbox 60 1730 176 1803; x_wconf 73' lang='grc' dir='ltr'><strong><em>ἀπήντα,</em></strong></span> <span class='ocrx_word' id='word_1_111' title='bbox 195 1730 230 1797; x_wconf 81' lang='grc' dir='ltr'><strong><em>ὦς</em></strong></span> <span class='ocrx_word' id='word_1_112' title='bbox 248 1733 275 1788; x_wconf 85' lang='grc' dir='ltr'><strong><em>δέ</em></strong></span> <span class='ocrx_word' id='word_1_113' title='bbox 292 1733 349 1806; x_wconf 82' lang='grc' dir='ltr'><strong><em>δίκη</em></strong></span> <span class='ocrx_word' id='word_1_114' title='bbox 363 1729 447 1789; x_wconf 81' lang='grc' dir='ltr'><strong><em>λόσων</em></strong></span> <span class='ocrx_word' id='word_1_115' title='bbox 461 1730 506 1790; x_wconf 87' lang='grc' dir='ltr'><strong><em>τόν</em></strong></span> <span class='ocrx_word' id='word_1_116' title='bbox 521 1731 598 1808; x_wconf 85' lang='grc' dir='ltr'><strong><em>ὅρκον</em></strong></span> <span class='ocrx_word' id='word_1_117' title='bbox 610 1735 791 1806; x_wconf 80' lang='grc' dir='ltr'><strong><em>προςκαλεῒται</em></strong></span> <span class='ocrx_word' id='word_1_118' title='bbox 804 1730 850 1789; x_wconf 85' lang='grc' dir='ltr'><strong><em>τόν</em></strong></span> 
     </span>
     <span class='ocr_line' id='line_1_18' title="bbox 58 1811 847 1892; baseline -0.003 -20"><span class='ocrx_word' id='word_1_119' title='bbox 58 1819 239 1892; x_wconf 80' lang='grc' dir='ltr'><strong><em>Παρμένοντα.</em></strong></span> <span class='ocrx_word' id='word_1_120' title='bbox 273 1814 437 1884; x_wconf 78' lang='grc' dir='ltr'><strong><em>ἐνεστηκυιῶν</em></strong></span> <span class='ocrx_word' id='word_1_121' title='bbox 454 1811 479 1870; x_wconf 77' lang='grc' dir='ltr'><strong><em>δ’</em></strong></span> <span class='ocrx_word' id='word_1_122' title='bbox 501 1811 589 1880; x_wconf 82' lang='grc' dir='ltr'><strong><em>αὖτοῖς</em></strong></span> <span class='ocrx_word' id='word_1_123' title='bbox 607 1816 658 1871; x_wconf 83' lang='grc' dir='ltr'><strong><em>τῶν</em></strong></span> <span class='ocrx_word' id='word_1_124' title='bbox 676 1814 764 1880; x_wconf 79' lang='grc' dir='ltr'><strong><em>δικῶν,</em></strong></span> <span class='ocrx_word' id='word_1_125' title='bbox 791 1834 847 1870; x_wconf 81' lang='grc' dir='ltr'><strong><em>πει-</em></strong></span> 
     </span>
    </p>

    <p class='ocr_par' dir='ltr' id='par_1_8' title="bbox 10 1895 850 2803">
     <span class='ocr_line' id='line_1_19' title="bbox 10 1895 847 1977; baseline -0.005 -21"><span class='ocrx_word' id='word_1_126' title='bbox 10 1899 12 1977; x_wconf 47' lang='lat' dir='ltr'>J</span> <span class='ocrx_word' id='word_1_127' title='bbox 58 1904 167 1964; x_wconf 84' lang='grc' dir='ltr'><strong><em>σθέντες</em></strong></span> <span class='ocrx_word' id='word_1_128' title='bbox 178 1895 231 1955; x_wconf 74' lang='grc' dir='ltr'><strong><em>ὑπὸ</em></strong></span> <span class='ocrx_word' id='word_1_129' title='bbox 249 1898 299 1955; x_wconf 78' lang='grc' dir='ltr'><strong><em>τῶν</em></strong></span> <span class='ocrx_word' id='word_1_130' title='bbox 316 1895 464 1973; x_wconf 85' lang='grc' dir='ltr'><strong><em>παρόντων,</em></strong></span> <span class='ocrx_word' id='word_1_131' title='bbox 482 1898 518 1964; x_wconf 83' lang='grc' dir='ltr'><strong><em>εἷς</em></strong></span> <span class='ocrx_word' id='word_1_132' title='bbox 530 1895 670 1973; x_wconf 83' lang='grc' dir='ltr'><strong><em>ἐπιτροπὴν</em></strong></span> <span class='ocrx_word' id='word_1_133' title='bbox 684 1903 745 1967; x_wconf 73' lang='lat'>(8⁹5)</span> <span class='ocrx_word' id='word_1_134' title='bbox 761 1898 847 1969; x_wconf 77' lang='grc' dir='ltr'><strong><em>ἔργον·</em></strong></span> 
     </span>
     <span class='ocr_line' id='line_1_20' title="bbox 59 1978 850 2058; baseline -0.006 -19"><span class='ocrx_word' id='word_1_135' title='bbox 59 2006 114 2050; x_wconf 88' lang='grc' dir='ltr'><strong><em>ται,</em></strong></span> <span class='ocrx_word' id='word_1_136' title='bbox 137 1983 182 2038; x_wconf 82' lang='grc' dir='ltr'><strong><em>καί</em></strong></span> <span class='ocrx_word' id='word_1_137' title='bbox 199 1978 350 2058; x_wconf 73' lang='grc' dir='ltr'><strong><em>γράψαντες</em></strong></span> <span class='ocrx_word' id='word_1_138' title='bbox 373 1978 523 2050; x_wconf 85' lang='grc' dir='ltr'><strong><em>συνθήκας,</em></strong></span> <span class='ocrx_word' id='word_1_139' title='bbox 544 1984 734 2056; x_wconf 80' lang='grc' dir='ltr'><strong><em>ἐπιτρέπουσιν,</em></strong></span> <span class='ocrx_word' id='word_1_140' title='bbox 757 1980 793 2034; x_wconf 82' lang='grc' dir='ltr'><strong><em>ἑνί</em></strong></span> <span class='ocrx_word' id='word_1_141' title='bbox 804 1980 850 2049; x_wconf 89' lang='grc' dir='ltr'><strong><em>μέν</em></strong></span> 
     </span>
     <span class='ocr_line' id='line_1_21' title="bbox 59 2058 850 2138; baseline -0.005 -18"><span class='ocrx_word' id='word_1_142' title='bbox 59 2065 175 2138; x_wconf 79' lang='grc' dir='ltr'><strong><em>διαιτητῇ</em></strong></span> <span class='ocrx_word' id='word_1_143' title='bbox 191 2065 267 2138; x_wconf 72' lang='grc' dir='ltr'><strong><em>κοινῷ</em></strong></span> <span class='ocrx_word' id='word_1_144' title='bbox 284 2066 404 2138; x_wconf 82' lang='grc' dir='ltr'><strong><em>Φωκρίτῳ</em></strong></span> <span class='ocrx_word' id='word_1_145' title='bbox 418 2066 510 2138; x_wconf 77' lang='grc' dir='ltr'><strong><em>πολίτῃ</em></strong></span> <span class='ocrx_word' id='word_1_146' title='bbox 525 2061 617 2130; x_wconf 83' lang='grc' dir='ltr'><strong><em>αέιτῶν,</em></strong></span> <span class='ocrx_word' id='word_1_147' title='bbox 632 2064 675 2119; x_wconf 82' lang='grc' dir='ltr'><strong><em>ένα</em></strong></span> <span class='ocrx_word' id='word_1_148' title='bbox 689 2059 713 2118; x_wconf 77' lang='grc' dir='ltr'><strong><em>δ’</em></strong></span> <span class='ocrx_word' id='word_1_149' title='bbox 730 2058 850 2136; x_wconf 76' lang='grc' dir='ltr'><strong><em>ἑκάτερος</em></strong></span> 
     </span>
     <span class='ocr_line' id='line_1_22' title="bbox 59 2136 850 2224; baseline -0.004 -21"><span class='ocrx_word' id='word_1_150' title='bbox 59 2150 276 2224; x_wconf 89' lang='grc' dir='ltr'><strong><em>παρεκαθίσατο,</em></strong></span> <span class='ocrx_word' id='word_1_151' title='bbox 303 2136 442 2210; x_wconf 76' lang='grc' dir='ltr'><strong><em>οδτοςιιέν</em></strong></span> <span class='ocrx_word' id='word_1_152' title='bbox 457 2143 620 2222; x_wconf 73' lang='grc' dir='ltr'><strong><em>Ἀριστοκλέα</em></strong></span> <span class='ocrx_word' id='word_1_153' title='bbox 641 2145 753 2214; x_wconf 73' lang='grc' dir='ltr'><strong><em>Οἶηθεν,</em></strong></span> <span class='ocrx_word' id='word_1_154' title='bbox 780 2141 795 2200; x_wconf 82' lang='grc' dir='ltr'><strong><em>ό</em></strong></span> <span class='ocrx_word' id='word_1_155' title='bbox 824 2144 850 2200; x_wconf 85' lang='grc' dir='ltr'><strong><em>δέ</em></strong></span> 
     </span>
     <span class='ocr_line' id='line_1_23' title="bbox 59 2226 850 2306; baseline -0.006 -20"><span class='ocrx_word' id='word_1_156' title='bbox 59 2233 202 2306; x_wconf 83' lang='grc' dir='ltr'><strong><em>Παρμένων</em></strong></span> <span class='ocrx_word' id='word_1_157' title='bbox 216 2233 264 2302; x_wconf 80' lang='grc' dir='ltr'><strong><em>ἐμέ.</em></strong></span> <span class='ocrx_word' id='word_1_158' title='bbox 286 2231 330 2285; x_wconf 86' lang='grc' dir='ltr'><strong><em>καί</em></strong></span> <span class='ocrx_word' id='word_1_159' title='bbox 342 2231 483 2286; x_wconf 77' lang='grc' dir='ltr'><strong><em>συνέθεντο</em></strong></span> <span class='ocrx_word' id='word_1_160' title='bbox 498 2236 524 2286; x_wconf 85' lang='grc' dir='ltr'><strong><em>έν</em></strong></span> <span class='ocrx_word' id='word_1_161' title='bbox 537 2234 594 2295; x_wconf 82' lang='grc' dir='ltr'><strong><em>ταῒς</em></strong></span> <span class='ocrx_word' id='word_1_162' title='bbox 607 2227 761 2298; x_wconf 86' lang='grc' dir='ltr'><strong><em>συνθήκαις,</em></strong></span> <span class='ocrx_word' id='word_1_163' title='bbox 771 2226 792 2282; x_wconf 84' lang='grc' dir='ltr'><strong><em>εἶ</em></strong></span> <span class='ocrx_word' id='word_1_164' title='bbox 804 2229 850 2298; x_wconf 86' lang='grc' dir='ltr'><strong><em>μέν</em></strong></span> 
     </span>
     <span class='ocr_line' id='line_1_24' title="bbox 58 2307 850 2388; baseline -0.005 -18"><span class='ocrx_word' id='word_1_165' title='bbox 58 2320 124 2388; x_wconf 77' lang='grc' dir='ltr'><strong><em>τρεῖς</em></strong></span> <span class='ocrx_word' id='word_1_166' title='bbox 139 2310 210 2377; x_wconf 79' lang='grc' dir='ltr'><strong><em>ὄντες</em></strong></span> <span class='ocrx_word' id='word_1_167' title='bbox 223 2309 401 2387; x_wconf 75' lang='grc' dir='ltr'><strong><em>ὁμογνώμονες</em></strong></span> <span class='ocrx_word' id='word_1_168' title='bbox 413 2315 571 2386; x_wconf 83' lang='grc' dir='ltr'><strong><em>γενοίμεθα,</em></strong></span> <span class='ocrx_word' id='word_1_169' title='bbox 590 2311 672 2368; x_wconf 75' lang='grc' dir='ltr'><strong><em>ταῦτα</em></strong></span> <span class='ocrx_word' id='word_1_170' title='bbox 692 2309 768 2386; x_wconf 78' lang='grc' dir='ltr'><strong><em>κύρια</em></strong></span> <span class='ocrx_word' id='word_1_171' title='bbox 785 2307 850 2366; x_wconf 75' lang='grc' dir='ltr'><strong><em>εἶναι</em></strong></span> 
     </span>
     <span class='ocr_line' id='line_1_25' title="bbox 59 2389 847 2470; baseline -0.003 -20"><span class='ocrx_word' id='word_1_172' title='bbox 59 2395 159 2463; x_wconf 75' lang='grc' dir='ltr'><strong><em>αὑτοῖς,</em></strong></span> <span class='ocrx_word' id='word_1_173' title='bbox 174 2397 196 2451; x_wconf 82' lang='grc' dir='ltr'><strong><em>εἰ</em></strong></span> <span class='ocrx_word' id='word_1_174' title='bbox 210 2396 236 2450; x_wconf 91' lang='grc' dir='ltr'><strong><em>δέ</em></strong></span> <span class='ocrx_word' id='word_1_175' title='bbox 249 2393 297 2467; x_wconf 89' lang='grc' dir='ltr'><strong><em>μή,</em></strong></span> <span class='ocrx_word' id='word_1_176' title='bbox 306 2389 350 2458; x_wconf 80' lang='grc' dir='ltr'><strong><em>οἷς</em></strong></span> <span class='ocrx_word' id='word_1_177' title='bbox 364 2395 389 2450; x_wconf 81' lang='grc' dir='ltr'><strong><em>οἱ</em></strong></span> <span class='ocrx_word' id='word_1_178' title='bbox 403 2392 449 2452; x_wconf 69' lang='grc' dir='ltr'><strong><em>δύο</em></strong></span> <span class='ocrx_word' id='word_1_179' title='bbox 462 2399 599 2470; x_wconf 90' lang='grc' dir='ltr'><strong><em>γνοίησαν,</em></strong></span> <span class='ocrx_word' id='word_1_180' title='bbox 618 2391 719 2458; x_wconf 68' lang='grc' dir='ltr'><strong><em>τούτοις</em></strong></span> <span class='ocrx_word' id='word_1_181' title='bbox 732 2390 847 2469; x_wconf 82' lang='grc' dir='ltr'><strong><em>έποίναγ-</em></strong></span> 
     </span>
     <span class='ocr_line' id='line_1_26' title="bbox 58 2473 848 2552; baseline -0.005 -17"><span class='ocrx_word' id='word_1_182' title='bbox 58 2502 98 2543; x_wconf 83' lang='grc' dir='ltr'><strong><em>κες</em></strong></span> <span class='ocrx_word' id='word_1_183' title='bbox 112 2476 177 2536; x_wconf 80' lang='grc' dir='ltr'><strong><em>εἶναι</em></strong></span> <span class='ocrx_word' id='word_1_184' title='bbox 190 2481 307 2552; x_wconf 83' lang='grc' dir='ltr'><strong><em>ἐμμένειν.</em></strong></span> <span class='ocrx_word' id='word_1_185' title='bbox 330 2480 484 2550; x_wconf 81' lang='grc' dir='ltr'><strong><em>συνθέμενοι</em></strong></span> <span class='ocrx_word' id='word_1_186' title='bbox 497 2480 525 2533; x_wconf 84' lang='grc' dir='ltr'><strong><em>δέ</em></strong></span> <span class='ocrx_word' id='word_1_187' title='bbox 538 2479 634 2543; x_wconf 78' lang='grc' dir='ltr'><strong><em>ταῦτα,</em></strong></span> <span class='ocrx_word' id='word_1_188' title='bbox 648 2473 775 2552; x_wconf 73' lang='grc' dir='ltr'><strong><em>ἐγγυητὰς</em></strong></span> <span class='ocrx_word' id='word_1_189' title='bbox 788 2473 848 2532; x_wconf 82' lang='grc' dir='ltr'><strong><em>τοιί·</em></strong></span> 
     </span>
     <span class='ocr_line' id='line_1_27' title="bbox 58 2550 848 2633; baseline -0.005 -15"><span class='ocrx_word' id='word_1_190' title='bbox 58 2586 107 2618; x_wconf 90' lang='grc' dir='ltr'><strong><em>των</em></strong></span> <span class='ocrx_word' id='word_1_191' title='bbox 121 2558 240 2632; x_wconf 74' lang='grc' dir='ltr'><strong><em>ἀλλήλοις</em></strong></span> <span class='ocrx_word' id='word_1_192' title='bbox 252 2563 420 2630; x_wconf 87' lang='grc' dir='ltr'><strong><em>κατέστησαν,</em></strong></span> <span class='ocrx_word' id='word_1_193' title='bbox 433 2550 509 2625; x_wconf 74' lang='grc' dir='ltr'><strong><em>οὗτος</em></strong></span> <span class='ocrx_word' id='word_1_194' title='bbox 519 2563 566 2633; x_wconf 84' lang='grc' dir='ltr'><strong><em>μέν</em></strong></span> <span class='ocrx_word' id='word_1_195' title='bbox 578 2562 662 2631; x_wconf 82' lang='grc' dir='ltr'><strong><em>ἐκείνῳ</em></strong></span> <span class='ocrx_word' id='word_1_196' title='bbox 677 2557 722 2616; x_wconf 90' lang='grc' dir='ltr'><strong><em>τόν</em></strong></span> <span class='ocrx_word' id='word_1_197' title='bbox 732 2554 848 2633; x_wconf 81' lang='grc' dir='ltr'><strong><em>Ἀριστο-</em></strong></span> 
     </span>
     <span class='ocr_line' id='line_1_28' title="bbox 59 2638 848 2718; baseline -0.006 -19"><span class='ocrx_word' id='word_1_198' title='bbox 59 2649 130 2711; x_wconf 87' lang='grc' dir='ltr'><strong><em>κλὲα,</em></strong></span> <span class='ocrx_word' id='word_1_199' title='bbox 149 2643 164 2701; x_wconf 83' lang='grc' dir='ltr'>ὁ</span> <span class='ocrx_word' id='word_1_200' title='bbox 184 2645 211 2699; x_wconf 87' lang='grc' dir='ltr'><strong><em>δέ</em></strong></span> <span class='ocrx_word' id='word_1_201' title='bbox 230 2647 374 2718; x_wconf 88' lang='grc' dir='ltr'><strong><em>Παρμένων</em></strong></span> <span class='ocrx_word' id='word_1_202' title='bbox 391 2639 474 2717; x_wconf 78' lang='grc' dir='ltr'><strong><em>τοότιρ</em></strong></span> <span class='ocrx_word' id='word_1_203' title='bbox 488 2639 632 2718; x_wconf 76' lang='grc' dir='ltr'><strong><em>’Ἄρχιππον</em></strong></span> <span class='ocrx_word' id='word_1_204' title='bbox 645 2638 848 2716; x_wconf 75' lang='grc' dir='ltr'><strong><em>Μυρρινούσιον.</em></strong></span> 
     </span>
     <span class='ocr_line' id='line_1_29' title="bbox 59 2721 849 2803; baseline -0.008 -21"><span class='ocrx_word' id='word_1_205' title='bbox 59 2730 101 2785; x_wconf 74' lang='grc' dir='ltr'><strong><em>καί</em></strong></span> <span class='ocrx_word' id='word_1_206' title='bbox 119 2726 149 2786; x_wconf 87' lang='grc' dir='ltr'><strong><em>τὸ</em></strong></span> <span class='ocrx_word' id='word_1_207' title='bbox 165 2730 211 2801; x_wconf 85' lang='grc' dir='ltr'><strong><em>μέν</em></strong></span> <span class='ocrx_word' id='word_1_208' title='bbox 228 2727 330 2803; x_wconf 83' lang='grc' dir='ltr'><strong><em>πρῶτον</em></strong></span> <span class='ocrx_word' id='word_1_209' title='bbox 348 2729 465 2783; x_wconf 72' lang='grc' dir='ltr'><strong><em>ἐτίθεντο</em></strong></span> <span class='ocrx_word' id='word_1_210' title='bbox 484 2723 531 2790; x_wconf 81' lang='grc' dir='ltr'><strong><em>τὰς</em></strong></span> <span class='ocrx_word' id='word_1_211' title='bbox 556 2721 694 2793; x_wconf 80' lang='grc' dir='ltr'><strong><em>συνθήκας</em></strong></span> <span class='ocrx_word' id='word_1_212' title='bbox 716 2721 788 2798; x_wconf 78' lang='grc' dir='ltr'><strong><em>παρὰ</em></strong></span> <span class='ocrx_word' id='word_1_213' title='bbox 814 2723 849 2793; x_wconf 70' lang='grc' dir='ltr'><strong><em>τῷ</em></strong></span> 
     </span>
    </p>
   </div>
   <div class='ocr_carea' id='block_1_7' title="bbox 0 0 990 3114">
    <p class='ocr_par' dir='ltr' id='par_1_9' title="bbox 0 0 990 3114">
     <span class='ocr_line' id='line_1_30' title="bbox 0 0 990 3114; baseline 0 0"><span class='ocrx_word' id='word_1_214' title='bbox 0 0 990 3114; x_wconf 95' lang='lat' dir='ltr'><strong><em> </em></strong></span> 
     </span>
    </p>
   </div>
  </div>
 </body>
</html>
