<?xml version="1.0" encoding="UTF-8"?>
<!DOCTYPE html PUBLIC "-//W3C//DTD XHTML 1.0 Transitional//EN"
    "http://www.w3.org/TR/xhtml1/DTD/xhtml1-transitional.dtd">
<html xmlns="http://www.w3.org/1999/xhtml" xml:lang="en" lang="en">
 <head>
  <title>
</title>
<meta http-equiv="Content-Type" content="text/html;charset=utf-8" />
  <meta name='ocr-system' content='tesseract 3.04.00' />
  <meta name='ocr-capabilities' content='ocr_page ocr_carea ocr_par ocr_line ocrx_word'/>
</head>
<body>
  <div class='ocr_page' id='page_1' title='image "./demosthenisorat06demogoog_0035.png"; bbox 0 0 1972 3114; ppageno 0'>
   <div class='ocr_carea' id='block_1_1' title="bbox 152 235 915 414">
    <p class='ocr_par' dir='ltr' id='par_1_1' title="bbox 152 235 915 414">
     <span class='ocr_line' id='line_1_1' title="bbox 152 235 915 294; baseline -0.004 -8"><span class='ocrx_word' id='word_1_1' title='bbox 152 240 183 286; x_wconf 82' lang='lat'><em>22</em></span> <span class='ocrx_word' id='word_1_2' title='bbox 407 235 686 285; x_wconf 69' lang='grc' dir='ltr'><em>οοοιοῑοευοιε</em></span> <span class='ocrx_word' id='word_1_3' title='bbox 894 248 915 294; x_wconf 73' lang='lat'><em>6</em></span> 
     </span>
     <span class='ocr_line' id='line_1_2' title="bbox 152 331 915 414; baseline -0.005 -17"><span class='ocrx_word' id='word_1_4' title='bbox 152 335 182 396; x_wconf 80' lang='grc' dir='ltr'><em>αὖ</em></span> <span class='ocrx_word' id='word_1_5' title='bbox 195 336 445 414; x_wconf 77' lang='grc' dir='ltr'><em>παραγεγράμμεθα</em></span> <span class='ocrx_word' id='word_1_6' title='bbox 459 335 500 392; x_wconf 81' lang='grc' dir='ltr'><em>διὰ</em></span> <span class='ocrx_word' id='word_1_7' title='bbox 514 334 543 394; x_wconf 83' lang='grc' dir='ltr'><em>τό</em></span> <span class='ocrx_word' id='word_1_8' title='bbox 557 336 669 406; x_wconf 73' lang='grc' dir='ltr'><em>πλῆθος.</em></span> <span class='ocrx_word' id='word_1_9' title='bbox 700 331 754 391; x_wconf 71' lang='grc' dir='ltr'><em>ἀλλ’</em></span> <span class='ocrx_word' id='word_1_10' title='bbox 771 343 797 393; x_wconf 77' lang='grc' dir='ltr'><em>ἐν</em></span> <span class='ocrx_word' id='word_1_11' title='bbox 809 341 915 410; x_wconf 80' lang='grc' dir='ltr'><em>κεφαλαι</em></span> 
     </span>
    </p>
   </div>
   <div class='ocr_carea' id='block_1_2' title="bbox 145 419 915 2818">
    <p class='ocr_par' dir='ltr' id='par_1_2' title="bbox 145 419 915 2067">
     <span class='ocr_line' id='line_1_3' title="bbox 150 419 915 496; baseline 0 -18"><span class='ocrx_word' id='word_1_12' title='bbox 150 425 225 496; x_wconf 75' lang='grc' dir='ltr'><em>λέγω</em></span> <span class='ocrx_word' id='word_1_13' title='bbox 246 419 342 478; x_wconf 74' lang='grc' dir='ltr'><em>ὁπόσοι</em></span> <span class='ocrx_word' id='word_1_14' title='bbox 354 419 428 494; x_wconf 89' lang='grc' dir='ltr'><em>νόμοι</em></span> <span class='ocrx_word' id='word_1_15' title='bbox 439 421 498 494; x_wconf 79' lang='grc' dir='ltr'><em>περὶ</em></span> <span class='ocrx_word' id='word_1_16' title='bbox 513 421 561 476; x_wconf 79' lang='grc' dir='ltr'><em>τῶν</em></span> <span class='ocrx_word' id='word_1_17' title='bbox 575 420 686 492; x_wconf 77' lang='grc' dir='ltr'><em>φονικῶν</em></span> <span class='ocrx_word' id='word_1_18' title='bbox 701 420 870 494; x_wconf 76' lang='grc' dir='ltr'><em>δικαστηρίων</em></span> <span class='ocrx_word' id='word_1_19' title='bbox 882 420 915 478; x_wconf 84' lang='grc' dir='ltr'><em>είο</em></span> 
     </span>
     <span class='ocr_line' id='line_1_4' title="bbox 151 499 915 579; baseline -0.001 -19"><span class='ocrx_word' id='word_1_20' title='bbox 151 509 293 561; x_wconf 79' lang='grc' dir='ltr'><em>καλεῖσθαι</em></span> <span class='ocrx_word' id='word_1_21' title='bbox 311 507 438 579; x_wconf 77' lang='grc' dir='ltr'><em>λέγοντες,</em></span> <span class='ocrx_word' id='word_1_22' title='bbox 461 500 477 568; x_wconf 78' lang='lat'><em>6</em></span> <span class='ocrx_word' id='word_1_23' title='bbox 494 507 645 577; x_wconf 82' lang='grc' dir='ltr'><em>μαρτυρεῖν,</em></span> <span class='ocrx_word' id='word_1_24' title='bbox 667 499 683 572; x_wconf 82' lang='grc' dir='ltr'><strong><em>ἢ</em></strong></span> <span class='ocrx_word' id='word_1_25' title='bbox 703 500 864 577; x_wconf 76' lang='grc' dir='ltr'><em>διόμνυσθαι</em></span> <span class='ocrx_word' id='word_1_26' title='bbox 880 527 915 560; x_wconf 76' lang='grc' dir='ltr'><em>τοι</em></span> 
     </span>
     <span class='ocr_line' id='line_1_5' title="bbox 150 581 915 692; baseline -0.001 -49"><span class='ocrx_word' id='word_1_27' title='bbox 150 584 397 662; x_wconf 73' lang='grc' dir='ltr'><em>όγωνιζομίνσυς,’</em></span> <span class='ocrx_word' id='word_1_28' title='bbox 386 609 402 656; x_wconf 90' lang='grc' dir='ltr'><em>η</em></span> <span class='ocrx_word' id='word_1_29' title='bbox 397 581 508 641; x_wconf 70' lang='grc' dir='ltr'><em>όίλί.Η</em></span> <span class='ocrx_word' id='word_1_30' title='bbox 496 586 582 642; x_wconf 81' lang='grc' dir='ltr'><em>οτιοῦν</em></span> <span class='ocrx_word' id='word_1_31' title='bbox 599 582 812 692; x_wconf 82' lang='grc' dir='ltr'><em>προςτόττοντες,</em></span> <span class='ocrx_word' id='word_1_32' title='bbox 838 583 915 685; x_wconf 79' lang='grc' dir='ltr'><em>πρίντι</em></span> 
     </span>
     <span class='ocr_line' id='line_1_6' title="bbox 148 667 915 745; baseline -0.004 -18"><span class='ocrx_word' id='word_1_33' title='bbox 148 669 242 745; x_wconf 81' lang='grc' dir='ltr'><em>δπερβτ</em></span> <span class='ocrx_word' id='word_1_34' title='bbox 240 671 304 743; x_wconf 78' lang='grc' dir='ltr'><em>βηκε</em></span> <span class='ocrx_word' id='word_1_35' title='bbox 321 667 441 735; x_wconf 74' lang='grc' dir='ltr'><em>τούτους,</em></span> <span class='ocrx_word' id='word_1_36' title='bbox 465 670 509 725; x_wconf 83' lang='grc' dir='ltr'><em>καί</em></span> <span class='ocrx_word' id='word_1_37' title='bbox 525 670 607 724; x_wconf 80' lang='grc' dir='ltr'><em>πᾶσιν</em></span> <span class='ocrx_word' id='word_1_38' title='bbox 620 671 732 726; x_wconf 83' lang='grc' dir='ltr'><em>ἐναντίον</em></span> <span class='ocrx_word' id='word_1_39' title='bbox 745 673 828 743; x_wconf 82' lang='grc' dir='ltr'><em>εἴρηκε</em></span> <span class='ocrx_word' id='word_1_40' title='bbox 841 667 872 726; x_wconf 84' lang='grc' dir='ltr'><em>τό</em></span> <span class='ocrx_word' id='word_1_41' title='bbox 884 689 915 745; x_wconf 88' lang='grc' dir='ltr'><em>ψι</em></span> 
     </span>
     <span class='ocr_line' id='line_1_7' title="bbox 148 746 915 827; baseline 0 -19"><span class='ocrx_word' id='word_1_42' title='bbox 148 776 235 825; x_wconf 77' lang='grc' dir='ltr'><em>φισμα</em></span> <span class='ocrx_word' id='word_1_43' title='bbox 248 756 326 809; x_wconf 87' lang='grc' dir='ltr'><em>τουτί</em></span> <span class='ocrx_word' id='word_1_44' title='bbox 354 748 430 809; x_wconf 86' lang='lat'><em>06</em></span> <span class='ocrx_word' id='word_1_45' title='bbox 397 774 451 827; x_wconf 88' lang='grc' dir='ltr'><em>γαρ</em></span> <span class='ocrx_word' id='word_1_46' title='bbox 464 774 494 808; x_wconf 84' lang='grc' dir='ltr'><em>σο</em></span> <span class='ocrx_word' id='word_1_47' title='bbox 483 747 604 819; x_wconf 82' lang='grc' dir='ltr'><em>κλησις,</em></span> <span class='ocrx_word' id='word_1_48' title='bbox 618 746 650 807; x_wconf 85' lang='lat'><em>06</em></span> <span class='ocrx_word' id='word_1_49' title='bbox 663 753 753 825; x_wconf 84' lang='grc' dir='ltr'><em>κρίσις,</em></span> <span class='ocrx_word' id='word_1_50' title='bbox 767 747 797 808; x_wconf 86' lang='lat'><em>06</em></span> <span class='ocrx_word' id='word_1_51' title='bbox 808 775 915 827; x_wconf 86' lang='grc' dir='ltr'><em>μαρτυρι</em></span> 
     </span>
     <span class='ocr_line' id='line_1_8' title="bbox 150 829 915 910; baseline -0.001 -18"><span class='ocrx_word' id='word_1_52' title='bbox 150 832 305 902; x_wconf 87' lang='grc' dir='ltr'><em>συνειδότος,</em></span> <span class='ocrx_word' id='word_1_53' title='bbox 319 858 350 891; x_wconf 89' lang='grc' dir='ltr'><em>ου</em></span> <span class='ocrx_word' id='word_1_54' title='bbox 341 830 498 906; x_wconf 87' lang='grc' dir='ltr'><em>διωμοσία,</em></span> <span class='ocrx_word' id='word_1_55' title='bbox 510 829 593 890; x_wconf 75' lang='grc' dir='ltr'><em>ἀλλ”</em></span> <span class='ocrx_word' id='word_1_56' title='bbox 578 858 615 889; x_wconf 92' lang='grc' dir='ltr'><em>απ</em></span> <span class='ocrx_word' id='word_1_57' title='bbox 614 829 723 898; x_wconf 77' lang='grc' dir='ltr'><em>ἀἰτίας</em></span> <span class='ocrx_word' id='word_1_58' title='bbox 734 829 846 899; x_wconf 68' lang='grc' dir='ltr'><em>ειίθίιςι</em></span> <span class='ocrx_word' id='word_1_59' title='bbox 831 858 847 904; x_wconf 91' lang='grc' dir='ltr'><em>η</em></span> <span class='ocrx_word' id='word_1_60' title='bbox 860 858 915 910; x_wconf 81' lang='grc' dir='ltr'><em>τιμε</em></span> 
     </span>
     <span class='ocr_line' id='line_1_9' title="bbox 149 913 905 992; baseline 0.001 -19"><span class='ocrx_word' id='word_1_61' title='bbox 149 922 192 991; x_wconf 87' lang='grc' dir='ltr'><em>ρία</em></span> <span class='ocrx_word' id='word_1_62' title='bbox 205 920 359 992; x_wconf 80' lang='grc' dir='ltr'><em>γέγραπται,</em></span> <span class='ocrx_word' id='word_1_63' title='bbox 372 919 417 974; x_wconf 80' lang='grc' dir='ltr'><em>καὶ</em></span> <span class='ocrx_word' id='word_1_64' title='bbox 428 914 503 987; x_wconf 72' lang='grc' dir='ltr'><em>αὕτη,</em></span> <span class='ocrx_word' id='word_1_65' title='bbox 516 915 548 986; x_wconf 79' lang='grc' dir='ltr'><em>ἣν</em></span> <span class='ocrx_word' id='word_1_66' title='bbox 561 913 774 992; x_wconf 67' lang='grc' dir='ltr'><em>ἀπαγορεύωσιν</em></span> <span class='ocrx_word' id='word_1_67' title='bbox 787 918 812 974; x_wconf 79' lang='grc' dir='ltr'><em>οἱ</em></span> <span class='ocrx_word' id='word_1_68' title='bbox 824 915 905 990; x_wconf 87' lang='grc' dir='ltr'><em>νόμοι,</em></span> 
     </span>
     <span class='ocr_line' id='line_1_10' title="bbox 150 997 915 1068; baseline 0.003 -12"><span class='ocrx_word' id='word_1_69' title='bbox 150 998 182 1057; x_wconf 75' lang='grc' dir='ltr'><em>ἂν</em></span> <span class='ocrx_word' id='word_1_70' title='bbox 193 998 257 1058; x_wconf 73' lang='lat'>6660</span> <span class='ocrx_word' id='word_1_71' title='bbox 268 1024 304 1065; x_wconf 88' lang='grc' dir='ltr'><em>τις</em></span> <span class='ocrx_word' id='word_1_72' title='bbox 322 1005 403 1068; x_wconf 70' lang='grc' dir='ltr'><em>εἴποις</em></span> <span class='ocrx_word' id='word_1_73' title='bbox 429 1002 513 1056; x_wconf 86' lang='grc' dir='ltr'><em>καίτοι</em></span> <span class='ocrx_word' id='word_1_74' title='bbox 525 1001 609 1057; x_wconf 80' lang='grc' dir='ltr'><em>ταῧτα</em></span> <span class='ocrx_word' id='word_1_75' title='bbox 622 997 708 1056; x_wconf 76' lang='grc' dir='ltr'><em>πάντα</em></span> <span class='ocrx_word' id='word_1_76' title='bbox 723 1001 765 1058; x_wconf 82' lang='grc' dir='ltr'><em>ἐπὶ</em></span> <span class='ocrx_word' id='word_1_77' title='bbox 778 1003 852 1056; x_wconf 79' lang='grc' dir='ltr'><em>πέντε</em></span> <span class='ocrx_word' id='word_1_78' title='bbox 865 1001 915 1058; x_wconf 89' lang='grc' dir='ltr'><em>δικο</em></span> 
     </span>
     <span class='ocr_line' id='line_1_11' title="bbox 149 1080 915 1160; baseline 0 -19"><span class='ocrx_word' id='word_1_79' title='bbox 149 1087 262 1160; x_wconf 87' lang='grc' dir='ltr'><em>στηρίοις</em></span> <span class='ocrx_word' id='word_1_80' title='bbox 278 1086 393 1158; x_wconf 78' lang='grc' dir='ltr'><em>γίγνεται</em></span> <span class='ocrx_word' id='word_1_81' title='bbox 406 1089 468 1152; x_wconf 79' lang='grc'>(641)</span> <span class='ocrx_word' id='word_1_82' title='bbox 481 1087 688 1159; x_wconf 72' lang='grc' dir='ltr'><em>προςτεταγμέτα</em></span> <span class='ocrx_word' id='word_1_83' title='bbox 706 1089 760 1148; x_wconf 79' lang='grc' dir='ltr'><em>τοῖς</em></span> <span class='ocrx_word' id='word_1_84' title='bbox 779 1080 874 1158; x_wconf 89' lang='grc' dir='ltr'><em>νόμοις.</em></span> <span class='ocrx_word' id='word_1_85' title='bbox 907 1108 915 1141; x_wconf 87' lang='grc' dir='ltr'><em>ι</em></span> 
     </span>
     <span class='ocr_line' id='line_1_12' title="bbox 149 1161 914 1240; baseline 0.003 -18"><span class='ocrx_word' id='word_1_86' title='bbox 149 1171 214 1234; x_wconf 85' lang='grc' dir='ltr'><em>Δια,</em></span> <span class='ocrx_word' id='word_1_87' title='bbox 237 1171 299 1230; x_wconf 82' lang='grc' dir='ltr'><em>ἶσως</em></span> <span class='ocrx_word' id='word_1_88' title='bbox 316 1170 384 1223; x_wconf 80' lang='grc' dir='ltr'><em>εἴποι</em></span> <span class='ocrx_word' id='word_1_89' title='bbox 400 1187 436 1230; x_wconf 87' lang='grc' dir='ltr'><em>τις</em></span> <span class='ocrx_word' id='word_1_90' title='bbox 456 1162 500 1233; x_wconf 75' lang='grc' dir='ltr'><em>ἄν,</em></span> <span class='ocrx_word' id='word_1_91' title='bbox 520 1161 586 1223; x_wconf 72' lang='grc' dir='ltr'><em>ἄλλό</em></span> <span class='ocrx_word' id='word_1_92' title='bbox 604 1167 688 1223; x_wconf 74' lang='grc' dir='ltr'><em>ταδτα</em></span> <span class='ocrx_word' id='word_1_93' title='bbox 705 1169 751 1240; x_wconf 77' lang='grc' dir='ltr'><em>μὲν</em></span> <span class='ocrx_word' id='word_1_94' title='bbox 769 1163 897 1232; x_wconf 79' lang='grc' dir='ltr'><em>αὖδανός’</em></span> <span class='ocrx_word' id='word_1_95' title='bbox 885 1191 914 1224; x_wconf 83' lang='grc' dir='ltr'><em>εσ</em></span> 
     </span>
     <span class='ocr_line' id='line_1_13' title="bbox 149 1245 914 1347; baseline 0.001 -42.024"><span class='ocrx_word' id='word_1_96' title='bbox 149 1247 223 1316; x_wconf 75' lang='grc' dir='ltr'><em>ἄξια,</em></span> <span class='ocrx_word' id='word_1_97' title='bbox 242 1245 302 1306; x_wconf 76' lang='grc' dir='ltr'><em>ουδὲ</em></span> <span class='ocrx_word' id='word_1_98' title='bbox 316 1250 419 1314; x_wconf 79' lang='grc' dir='ltr'><em>δικαίως</em></span> <span class='ocrx_word' id='word_1_99' title='bbox 432 1246 567 1347; x_wconf 64' lang='grc' dir='ltr'><em>εὑρημένα·</em></span> <span class='ocrx_word' id='word_1_100' title='bbox 591 1273 608 1304; x_wconf 94' lang='grc' dir='ltr'><em>α</em></span> <span class='ocrx_word' id='word_1_101' title='bbox 596 1245 681 1305; x_wconf 93' lang='lat'><em>6</em></span> <span class='ocrx_word' id='word_1_102' title='bbox 666 1270 780 1326; x_wconf 82' lang='grc' dir='ltr'><em>εγραηιεν</em></span> <span class='ocrx_word' id='word_1_103' title='bbox 794 1251 878 1318; x_wconf 78' lang='grc' dir='ltr'><em>ουτος,</em></span> <span class='ocrx_word' id='word_1_104' title='bbox 899 1251 914 1306; x_wconf 93' lang='grc' dir='ltr'><em>δ</em></span> 
     </span>
     <span class='ocr_line' id='line_1_14' title="bbox 146 1327 913 1409; baseline 0.003 -21"><span class='ocrx_word' id='word_1_105' title='bbox 146 1356 209 1388; x_wconf 89' lang='grc' dir='ltr'><em>καια</em></span> <span class='ocrx_word' id='word_1_106' title='bbox 223 1356 267 1387; x_wconf 90' lang='grc' dir='ltr'><em>και</em></span> <span class='ocrx_word' id='word_1_107' title='bbox 258 1330 360 1400; x_wconf 71' lang='grc' dir='ltr'><em>καλός</em></span> <span class='ocrx_word' id='word_1_108' title='bbox 382 1327 448 1388; x_wconf 73' lang='grc' dir='ltr'><em>ἄλλα</em></span> <span class='ocrx_word' id='word_1_109' title='bbox 460 1328 617 1399; x_wconf 73' lang='grc' dir='ltr'><em>τούναντίον,</em></span> <span class='ocrx_word' id='word_1_110' title='bbox 631 1329 724 1389; x_wconf 78' lang='grc' dir='ltr'><em>τούτου</em></span> <span class='ocrx_word' id='word_1_111' title='bbox 737 1336 783 1406; x_wconf 81' lang='grc' dir='ltr'><em>μὲν</em></span> <span class='ocrx_word' id='word_1_112' title='bbox 795 1335 841 1390; x_wconf 79' lang='grc' dir='ltr'><em>τοῦ</em></span> <span class='ocrx_word' id='word_1_113' title='bbox 854 1353 913 1409; x_wconf 82' lang='grc' dir='ltr'><em>ιμηφ</em></span> 
     </span>
     <span class='ocr_line' id='line_1_15' title="bbox 148 1376 915 1491; baseline 0.003 -21"><span class='ocrx_word' id='word_1_114' title='bbox 148 1437 248 1488; x_wconf 87' lang='grc' dir='ltr'><em>σματος</em></span> <span class='ocrx_word' id='word_1_115' title='bbox 260 1410 308 1470; x_wconf 82' lang='lat' dir='ltr'><em>o6u</em></span> <span class='ocrx_word' id='word_1_116' title='bbox 322 1376 372 1471; x_wconf 76' lang='grc' dir='ltr'><em>οἷδ’</em></span> <span class='ocrx_word' id='word_1_117' title='bbox 385 1419 444 1471; x_wconf 79' lang='grc' dir='ltr'><em>εἴτι</em></span> <span class='ocrx_word' id='word_1_118' title='bbox 458 1412 598 1490; x_wconf 84' lang='grc' dir='ltr'><em>δεινότερον</em></span> <span class='ocrx_word' id='word_1_119' title='bbox 610 1417 700 1490; x_wconf 72' lang='grc' dir='ltr'><em>γέγονε</em></span> <span class='ocrx_word' id='word_1_120' title='bbox 712 1411 811 1473; x_wconf 70' lang='grc' dir='ltr'><em>πώποτ’</em></span> <span class='ocrx_word' id='word_1_121' title='bbox 828 1421 854 1472; x_wconf 78' lang='grc' dir='ltr'><em>ἐν</em></span> <span class='ocrx_word' id='word_1_122' title='bbox 866 1414 915 1491; x_wconf 73' lang='grc' dir='ltr'><em>ὖμῖι</em></span> 
     </span>
     <span class='ocr_line' id='line_1_16' title="bbox 147 1495 915 1574; baseline 0.004 -20"><span class='ocrx_word' id='word_1_123' title='bbox 147 1495 244 1554; x_wconf 73' lang='grc' dir='ltr'><em>τούτων</em></span> <span class='ocrx_word' id='word_1_124' title='bbox 259 1498 297 1563; x_wconf 81' lang='grc' dir='ltr'><em>δέ,</em></span> <span class='ocrx_word' id='word_1_125' title='bbox 315 1500 363 1554; x_wconf 78' lang='grc' dir='ltr'><em>τῶν</em></span> <span class='ocrx_word' id='word_1_126' title='bbox 377 1495 494 1565; x_wconf 78' lang='grc' dir='ltr'><em>πάντων,</em></span> <span class='ocrx_word' id='word_1_127' title='bbox 512 1495 602 1555; x_wconf 80' lang='grc' dir='ltr'><em>ὁπόσα</em></span> <span class='ocrx_word' id='word_1_128' title='bbox 617 1500 672 1554; x_wconf 75' lang='grc' dir='ltr'><em>ἐστὶ</em></span> <span class='ocrx_word' id='word_1_129' title='bbox 685 1496 839 1574; x_wconf 79' lang='grc' dir='ltr'><em>δικαστήρια</em></span> <span class='ocrx_word' id='word_1_130' title='bbox 852 1505 878 1556; x_wconf 77' lang='grc' dir='ltr'><em>ἐν</em></span> <span class='ocrx_word' id='word_1_131' title='bbox 891 1496 915 1557; x_wconf 80' lang='lat'><em>61</em></span> 
     </span>
     <span class='ocr_line' id='line_1_17' title="bbox 147 1575 915 1678; baseline 0.004 -42"><span class='ocrx_word' id='word_1_132' title='bbox 147 1578 280 1678; x_wconf 79' lang='grc' dir='ltr'><em>θρώποις,</em></span> <span class='ocrx_word' id='word_1_133' title='bbox 300 1575 373 1637; x_wconf 72' lang='grc' dir='ltr'><em>σιἰδὲν</em></span> <span class='ocrx_word' id='word_1_134' title='bbox 393 1575 452 1637; x_wconf 78' lang='grc' dir='ltr'><em>οἷίτε</em></span> <span class='ocrx_word' id='word_1_135' title='bbox 472 1578 625 1656; x_wconf 82' lang='grc' dir='ltr'><em>σεμνότερον</em></span> <span class='ocrx_word' id='word_1_136' title='bbox 638 1578 697 1639; x_wconf 71' lang='grc' dir='ltr'><em>οὔτε</em></span> <span class='ocrx_word' id='word_1_137' title='bbox 710 1580 871 1658; x_wconf 80' lang='grc' dir='ltr'><em>δικαιότερον</em></span> <span class='ocrx_word' id='word_1_138' title='bbox 882 1607 915 1656; x_wconf 81' lang='grc' dir='ltr'><em>φο</em></span> 
     </span>
     <span class='ocr_line' id='line_1_18' title="bbox 145 1658 915 1740; baseline 0.008 -22"><span class='ocrx_word' id='word_1_139' title='bbox 145 1660 259 1732; x_wconf 77' lang='grc' dir='ltr'><em>νήσεται.</em></span> <span class='ocrx_word' id='word_1_140' title='bbox 293 1660 419 1735; x_wconf 76' lang='grc' dir='ltr'><em>βαυίομαι</em></span> <span class='ocrx_word' id='word_1_141' title='bbox 434 1658 496 1717; x_wconf 92' lang='grc' dir='ltr'><em>δ</em></span> <span class='ocrx_word' id='word_1_142' title='bbox 474 1669 552 1720; x_wconf 82' lang='grc' dir='ltr'><em>ειπεῖν</em></span> <span class='ocrx_word' id='word_1_143' title='bbox 566 1663 607 1721; x_wconf 87' lang='grc' dir='ltr'><em>δια</em></span> <span class='ocrx_word' id='word_1_144' title='bbox 627 1663 789 1740; x_wconf 82' lang='grc' dir='ltr'><em>βραχέων,</em></span> <span class='ocrx_word' id='word_1_145' title='bbox 770 1690 789 1721; x_wconf 93' lang='grc' dir='ltr'><em>α</em></span> <span class='ocrx_word' id='word_1_146' title='bbox 807 1689 851 1722; x_wconf 89' lang='grc' dir='ltr'><em>και</em></span> <span class='ocrx_word' id='word_1_147' title='bbox 842 1667 915 1735; x_wconf 75' lang='grc' dir='ltr'><em>ζῆλι</em></span> 
     </span>
     <span class='ocr_line' id='line_1_19' title="bbox 147 1742 915 1838; baseline 0.007 -37"><span class='ocrx_word' id='word_1_148' title='bbox 147 1768 203 1801; x_wconf 89' lang='grc' dir='ltr'><em>τινα</em></span> <span class='ocrx_word' id='word_1_149' title='bbox 218 1745 263 1800; x_wconf 82' lang='grc' dir='ltr'><em>καὶ</em></span> <span class='ocrx_word' id='word_1_150' title='bbox 279 1742 350 1817; x_wconf 77' lang='grc' dir='ltr'><em>τιμὴν</em></span> <span class='ocrx_word' id='word_1_151' title='bbox 362 1748 432 1820; x_wconf 73' lang='grc' dir='ltr'><em>φόρει</em></span> <span class='ocrx_word' id='word_1_152' title='bbox 444 1769 474 1820; x_wconf 76' lang='grc' dir='ltr'><em>τη</em></span> <span class='ocrx_word' id='word_1_153' title='bbox 465 1744 560 1802; x_wconf 79' lang='grc' dir='ltr'><em>πόλει</em></span> <span class='ocrx_word' id='word_1_154' title='bbox 559 1750 704 1838; x_wconf 82' lang='grc' dir='ltr'><em>ῥηθέντα,</em></span> <span class='ocrx_word' id='word_1_155' title='bbox 721 1773 766 1805; x_wconf 86' lang='grc' dir='ltr'><em>και</em></span> <span class='ocrx_word' id='word_1_156' title='bbox 758 1747 894 1819; x_wconf 75' lang='grc' dir='ltr'><em>ἡδίοος”</em></span> <span class='ocrx_word' id='word_1_157' title='bbox 878 1772 915 1808; x_wconf 83' lang='grc' dir='ltr'><em>εσι</em></span> 
     </span>
     <span class='ocr_line' id='line_1_20' title="bbox 147 1819 915 1905; baseline 0.008 -21"><span class='ocrx_word' id='word_1_158' title='bbox 147 1823 231 1885; x_wconf 83' lang='grc' dir='ltr'><em>σθε</em></span> <span class='ocrx_word' id='word_1_159' title='bbox 216 1824 383 1892; x_wconf 81' lang='grc' dir='ltr'><em>ακαόσαντες.</em></span> <span class='ocrx_word' id='word_1_160' title='bbox 417 1819 566 1903; x_wconf 79' lang='grc' dir='ltr'><em>όίρξομαιδ</em></span> <span class='ocrx_word' id='word_1_161' title='bbox 583 1833 716 1898; x_wconf 73' lang='grc' dir='ltr'><em>ἐντεῦθεν,</em></span> <span class='ocrx_word' id='word_1_162' title='bbox 736 1829 804 1889; x_wconf 82' lang='grc' dir='ltr'><em>ὅθεν</em></span> <span class='ocrx_word' id='word_1_163' title='bbox 822 1830 915 1905; x_wconf 69' lang='grc' dir='ltr'><em>μάλιστ</em></span> 
     </span>
     <span class='ocr_line' id='line_1_21' title="bbox 145 1907 915 1991; baseline 0.008 -25"><span class='ocrx_word' id='word_1_164' title='bbox 145 1907 326 1983; x_wconf 78' lang='grc' dir='ltr'><em>μαθήσεσθε,</em></span> <span class='ocrx_word' id='word_1_165' title='bbox 337 1908 420 1968; x_wconf 79' lang='grc' dir='ltr'><em>ἐπὶ</em></span> <span class='ocrx_word' id='word_1_166' title='bbox 394 1934 439 1980; x_wconf 88' lang='grc' dir='ltr'><em>την</em></span> <span class='ocrx_word' id='word_1_167' title='bbox 453 1910 551 1987; x_wconf 77' lang='grc' dir='ltr'><em>δωρεὰν</em></span> <span class='ocrx_word' id='word_1_168' title='bbox 563 1911 757 1982; x_wconf 73' lang='grc' dir='ltr'><em>ἐπανελθών,</em></span> <span class='ocrx_word' id='word_1_169' title='bbox 740 1939 756 1984; x_wconf 90' lang='grc' dir='ltr'><em>η</em></span> <span class='ocrx_word' id='word_1_170' title='bbox 770 1939 805 1989; x_wconf 83' lang='grc' dir='ltr'><em>τῳ</em></span> <span class='ocrx_word' id='word_1_171' title='bbox 794 1917 915 1991; x_wconf 79' lang='grc' dir='ltr'><em>Χαριδι</em></span> 
     </span>
     <span class='ocr_line' id='line_1_22' title="bbox 145 1994 307 2068; baseline 0.032 -22"><span class='ocrx_word' id='word_1_172' title='bbox 145 2017 185 2068; x_wconf 78' lang='grc' dir='ltr'><em>μρι</em></span> <span class='ocrx_word' id='word_1_173' title='bbox 198 1994 307 2051; x_wconf 77' lang='grc' dir='ltr'><em>δέδοται.</em></span> 
     </span>
    </p>

    <p class='ocr_par' dir='ltr' id='par_1_3' title="bbox 146 2066 915 2818">
     <span class='ocr_line' id='line_1_23' title="bbox 205 2066 915 2178; baseline 0.006 -44.034"><span class='ocrx_word' id='word_1_174' title='bbox 205 2077 308 2150; x_wconf 78' lang='grc' dir='ltr'><em>Ἡμεῖς,</em></span> <span class='ocrx_word' id='word_1_175' title='bbox 321 2100 342 2134; x_wconf 83' lang='grc' dir='ltr'><em>ιιι</em></span> <span class='ocrx_word' id='word_1_176' title='bbox 328 2066 463 2152; x_wconf 78' lang='grc' dir='ltr'><em>όνδρες’</em></span> <span class='ocrx_word' id='word_1_177' title='bbox 457 2082 600 2174; x_wconf 80' lang='grc' dir='ltr'><em>Αθηναῖοι,</em></span> <span class='ocrx_word' id='word_1_178' title='bbox 613 2080 789 2178; x_wconf 71' lang='grc' dir='ltr'><em>Χαρίδημον’</em></span> <span class='ocrx_word' id='word_1_179' title='bbox 777 2079 915 2155; x_wconf 81' lang='grc' dir='ltr'><em>εποιησόμι</em></span> 
     </span>
     <span class='ocr_line' id='line_1_24' title="bbox 146 2157 915 2238; baseline 0.004 -22"><span class='ocrx_word' id='word_1_180' title='bbox 146 2166 188 2216; x_wconf 92' lang='grc' dir='ltr'><em>θα</em></span> <span class='ocrx_word' id='word_1_181' title='bbox 207 2164 328 2230; x_wconf 75' lang='grc' dir='ltr'><em>πολίτην,</em></span> <span class='ocrx_word' id='word_1_182' title='bbox 350 2185 395 2218; x_wconf 87' lang='grc' dir='ltr'><em>και</em></span> <span class='ocrx_word' id='word_1_183' title='bbox 386 2157 505 2216; x_wconf 82' lang='grc' dir='ltr'><em>διὰ</em></span> <span class='ocrx_word' id='word_1_184' title='bbox 475 2183 520 2228; x_wconf 85' lang='grc' dir='ltr'><em>της</em></span> <span class='ocrx_word' id='word_1_185' title='bbox 538 2161 635 2236; x_wconf 76' lang='grc' dir='ltr'><em>δωρεᾶς</em></span> <span class='ocrx_word' id='word_1_186' title='bbox 651 2160 747 2233; x_wconf 75' lang='grc' dir='ltr'><em>ταύτης</em></span> <span class='ocrx_word' id='word_1_187' title='bbox 760 2161 915 2238; x_wconf 82' lang='grc' dir='ltr'><em>μετεδώκαμι</em></span> 
     </span>
     <span class='ocr_line' id='line_1_25' title="bbox 147 2239 915 2319; baseline 0.007 -20"><span class='ocrx_word' id='word_1_188' title='bbox 147 2239 216 2317; x_wconf 71' lang='grc' dir='ltr'><em>αὐτῷ</em></span> <span class='ocrx_word' id='word_1_189' title='bbox 239 2245 283 2300; x_wconf 78' lang='grc' dir='ltr'><em>καί</em></span> <span class='ocrx_word' id='word_1_190' title='bbox 304 2244 377 2319; x_wconf 77' lang='grc' dir='ltr'><em>ἰερῶν</em></span> <span class='ocrx_word' id='word_1_191' title='bbox 398 2245 442 2299; x_wconf 84' lang='grc' dir='ltr'><em>καὶ</em></span> <span class='ocrx_word' id='word_1_192' title='bbox 465 2241 543 2300; x_wconf 85' lang='grc' dir='ltr'><em>ὁσίων</em></span> <span class='ocrx_word' id='word_1_193' title='bbox 564 2246 609 2301; x_wconf 82' lang='grc' dir='ltr'><em>καὶ</em></span> <span class='ocrx_word' id='word_1_194' title='bbox 628 2249 738 2319; x_wconf 86' lang='grc' dir='ltr'><em>ιομίμων</em></span> <span class='ocrx_word' id='word_1_195' title='bbox 760 2248 805 2302; x_wconf 81' lang='grc' dir='ltr'><em>καὶ</em></span> <span class='ocrx_word' id='word_1_196' title='bbox 824 2244 915 2305; x_wconf 80' lang='grc' dir='ltr'><em>πάντα</em></span> 
     </span>
     <span class='ocr_line' id='line_1_26' title="bbox 148 2321 915 2406; baseline 0.003 -23"><span class='ocrx_word' id='word_1_197' title='bbox 148 2323 215 2383; x_wconf 80' lang='grc' dir='ltr'><em>ὅσων</em></span> <span class='ocrx_word' id='word_1_198' title='bbox 226 2348 275 2400; x_wconf 85' lang='grc' dir='ltr'><em>περ</em></span> <span class='ocrx_word' id='word_1_199' title='bbox 292 2321 380 2391; x_wconf 76' lang='grc' dir='ltr'><em>αιἰτοῖς</em></span> <span class='ocrx_word' id='word_1_200' title='bbox 392 2329 508 2399; x_wconf 85' lang='grc' dir='ltr'><em>μέτεστιν</em></span> <span class='ocrx_word' id='word_1_201' title='bbox 520 2324 587 2401; x_wconf 75' lang='grc' dir='ltr'><em>ἡμῖν.</em></span> <span class='ocrx_word' id='word_1_202' title='bbox 601 2327 728 2385; x_wconf 80' lang='grc' dir='ltr'><em>πολλὰ</em></span> <span class='ocrx_word' id='word_1_203' title='bbox 697 2352 743 2401; x_wconf 79' lang='grc' dir='ltr'><em>μιν</em></span> <span class='ocrx_word' id='word_1_204' title='bbox 756 2327 786 2399; x_wconf 82' lang='grc' dir='ltr'><em>δὴ</em></span> <span class='ocrx_word' id='word_1_205' title='bbox 799 2353 855 2406; x_wconf 89' lang='grc' dir='ltr'><em>παρ</em></span> <span class='ocrx_word' id='word_1_206' title='bbox 876 2327 915 2405; x_wconf 77' lang='grc' dir='ltr'><em>ἥμ</em></span> 
     </span>
     <span class='ocr_line' id='line_1_27' title="bbox 147 2406 915 2516; baseline 0.008 -51"><span class='ocrx_word' id='word_1_207' title='bbox 147 2409 202 2465; x_wconf 78' lang='grc' dir='ltr'><em>ἐστι</em></span> <span class='ocrx_word' id='word_1_208' title='bbox 218 2411 341 2475; x_wconf 77' lang='grc' dir='ltr'><em>τοιαῦτα,</em></span> <span class='ocrx_word' id='word_1_209' title='bbox 369 2415 411 2467; x_wconf 83' lang='grc' dir='ltr'><em>οἱα</em></span> <span class='ocrx_word' id='word_1_210' title='bbox 430 2406 477 2481; x_wconf 76' lang='grc' dir='ltr'><em>αιἰχ</em></span> <span class='ocrx_word' id='word_1_211' title='bbox 494 2413 617 2516; x_wconf 81' lang='grc' dir='ltr'><em>ἑτέρωθι,</em></span> <span class='ocrx_word' id='word_1_212' title='bbox 645 2408 712 2468; x_wconf 73' lang='grc' dir='ltr'><em>ἓνδ</em></span> <span class='ocrx_word' id='word_1_213' title='bbox 733 2413 779 2469; x_wconf 81' lang='grc' dir='ltr'><em>ουν</em></span> <span class='ocrx_word' id='word_1_214' title='bbox 801 2410 915 2471; x_wconf 83' lang='grc' dir='ltr'><em>ίδιώτατι</em></span> 
     </span>
     <span class='ocr_line' id='line_1_28' title="bbox 146 2488 915 2572; baseline 0.009 -25"><span class='ocrx_word' id='word_1_215' title='bbox 146 2488 250 2548; x_wconf 76' lang='grc' dir='ltr'><em>πάντων</em></span> <span class='ocrx_word' id='word_1_216' title='bbox 263 2492 308 2548; x_wconf 81' lang='grc' dir='ltr'><em>καὶ</em></span> <span class='ocrx_word' id='word_1_217' title='bbox 320 2490 485 2566; x_wconf 85' lang='grc' dir='ltr'><em>σεμνότατον,</em></span> <span class='ocrx_word' id='word_1_218' title='bbox 493 2491 524 2551; x_wconf 88' lang='grc' dir='ltr'><em>τό</em></span> <span class='ocrx_word' id='word_1_219' title='bbox 538 2499 562 2550; x_wconf 79' lang='grc' dir='ltr'><em>ἐν</em></span> <span class='ocrx_word' id='word_1_220' title='bbox 573 2491 659 2568; x_wconf 76' lang='grc' dir='ltr'><em>Ἀρείῳ</em></span> <span class='ocrx_word' id='word_1_221' title='bbox 672 2491 748 2570; x_wconf 79' lang='grc' dir='ltr'><em>παίγῳ</em></span> <span class='ocrx_word' id='word_1_222' title='bbox 762 2493 915 2572; x_wconf 79' lang='grc' dir='ltr'><em>δικαστήρια</em></span> 
     </span>
     <span class='ocr_line' id='line_1_29' title="bbox 146 2565 915 2686; baseline 0.004 -54"><span class='ocrx_word' id='word_1_223' title='bbox 146 2572 211 2650; x_wconf 69' lang='grc' dir='ltr'><em>ὑπὲρ</em></span> <span class='ocrx_word' id='word_1_224' title='bbox 225 2565 255 2631; x_wconf 84' lang='lat'><em>06</em></span> <span class='ocrx_word' id='word_1_225' title='bbox 269 2570 374 2632; x_wconf 77' lang='grc' dir='ltr'><em>τοσαῦτ’</em></span> <span class='ocrx_word' id='word_1_226' title='bbox 391 2577 460 2632; x_wconf 75' lang='grc' dir='ltr'><em>ἔστιν</em></span> <span class='ocrx_word' id='word_1_227' title='bbox 477 2576 556 2633; x_wconf 83' lang='grc' dir='ltr'><em>εἰπεῖν</em></span> <span class='ocrx_word' id='word_1_228' title='bbox 573 2574 656 2645; x_wconf 79' lang='grc' dir='ltr'><em>καλό,</em></span> <span class='ocrx_word' id='word_1_229' title='bbox 682 2579 879 2686; x_wconf 77' lang='grc' dir='ltr'><em>παραδεδομένα</em></span> <span class='ocrx_word' id='word_1_230' title='bbox 892 2601 915 2636; x_wconf 91' lang='grc' dir='ltr'><em>κι</em></span> 
     </span>
     <span class='ocr_line' id='line_1_30' title="bbox 146 2646 915 2759; baseline 0.004 -45"><span class='ocrx_word' id='word_1_231' title='bbox 146 2655 272 2730; x_wconf 79' lang='grc' dir='ltr'><em>μυθώδη,</em></span> <span class='ocrx_word' id='word_1_232' title='bbox 287 2681 331 2714; x_wconf 89' lang='grc' dir='ltr'><em>και</em></span> <span class='ocrx_word' id='word_1_233' title='bbox 343 2646 379 2714; x_wconf 73' lang='grc' dir='ltr'><em>ὧν</em></span> <span class='ocrx_word' id='word_1_234' title='bbox 393 2655 468 2716; x_wconf 80' lang='grc' dir='ltr'><em>αὗται</em></span> <span class='ocrx_word' id='word_1_235' title='bbox 480 2656 608 2759; x_wconf 78' lang='grc' dir='ltr'><em>μάρτυρές</em></span> <span class='ocrx_word' id='word_1_236' title='bbox 621 2666 708 2733; x_wconf 76' lang='grc' dir='ltr'><em>ἐσμεν,</em></span> <span class='ocrx_word' id='word_1_237' title='bbox 722 2659 773 2718; x_wconf 79' lang='grc' dir='ltr'><em>ὅσα</em></span> <span class='ocrx_word' id='word_1_238' title='bbox 787 2684 847 2737; x_wconf 88' lang='grc' dir='ltr'><em>περι</em></span> <span class='ocrx_word' id='word_1_239' title='bbox 840 2657 915 2719; x_wconf 84' lang='grc' dir='ltr'><em>σιίδι</em></span> 
     </span>
     <span class='ocr_line' id='line_1_31' title="bbox 146 2733 915 2818; baseline 0.007 -23"><span class='ocrx_word' id='word_1_240' title='bbox 146 2738 191 2804; x_wconf 82' lang='grc' dir='ltr'><em>νὸς</em></span> <span class='ocrx_word' id='word_1_241' title='bbox 210 2737 288 2799; x_wconf 75' lang='grc' dir='ltr'><em>όλκσυ</em></span> <span class='ocrx_word' id='word_1_242' title='bbox 307 2733 527 2816; x_wconf 79' lang='grc' dir='ltr'><em>δικαστηρίου</em></span> <span class='ocrx_word' id='word_1_243' title='bbox 507 2765 554 2809; x_wconf 89' lang='grc' dir='ltr'><em>ων,</em></span> <span class='ocrx_word' id='word_1_244' title='bbox 576 2740 682 2818; x_wconf 81' lang='grc' dir='ltr'><em>ὡςπερει</em></span> <span class='ocrx_word' id='word_1_245' title='bbox 674 2745 869 2817; x_wconf 71' lang='grc' dir='ltr'><em>δείγματος”</em></span> <span class='ocrx_word' id='word_1_246' title='bbox 855 2766 915 2802; x_wconf 82' lang='grc' dir='ltr'><em>ενεκι</em></span> 
     </span>
    </p>
   </div>
   <div class='ocr_carea' id='block_1_3' title="bbox 0 0 990 3114">
    <p class='ocr_par' dir='ltr' id='par_1_4' title="bbox 0 0 990 3114">
     <span class='ocr_line' id='line_1_32' title="bbox 0 0 990 3114; baseline 0 0"><span class='ocrx_word' id='word_1_247' title='bbox 0 0 990 3114; x_wconf 95' lang='lat' dir='ltr'><em> </em></span> 
     </span>
    </p>
   </div>
  </div>
 </body>
</html>
