1972 3114
93 260 139 306 ⁹⁰1.
305 248 401 297 ΠΡΟΣ
422 247 673 296 ΔΠΔΤΟΥΡΙΟΝ.
835 247 884 298 259

92 345 180 424 γωγήν
194 343 229 405 ὧν
236 373 244 416 3
267 343 333 404 ἄλλά
347 344 381 405 δι’
398 343 511 423 άποριάν
523 345 660 418 ἐξειστήκει
670 348 722 406 τῶν
733 350 827 406 ἑαυτοῦ
840 353 885 407 καί

92 430 138 501 τήν
149 432 215 488 ναῦν
228 428 374 506 ἐπεπράκει.
388 430 410 487 εί
423 427 448 487 δ’
465 428 505 507 ἄρ’
520 429 638 505 ἐμποδιέν
649 455 674 488 τι
688 428 758 506 αύτῷ
773 431 885 508 ἐγεγόνει

92 515 138 571 τού
153 512 188 588 μή
204 510 289 613 είρθύς
300 511 359 571 τότε
371 510 552 581 δικάσασθαι,
566 512 609 571 διά
622 517 649 572 τί
658 517 778 590 πέρυσιν,
795 517 883 586 ἐπιδη·

91 598 155 671 μῶν,
168 595 204 671 μή
219 595 260 654 ὅτι
272 594 449 665 δικάσασθαι,
464 593 517 654 ἀλλ’
533 593 590 654 οὐδ’
605 601 741 672 ἐγκαλέσαι
752 619 796 672 μοι
811 597 883 656 ἐτάλ-

91 702 188 754 μησεν,·
215 682 300 736 καίτοι
317 681 455 755 προςήκεν,
476 680 499 736 εί
516 677 531 736 6
547 682 594 780 μέν
610 683 755 756 Παρμένων
773 676 885 754 ὠφλήκει

94 759 224 836 αὐτῷτὴν
239 763 321 831 δίκην,
333 760 383 838 ἐγώ
397 759 422 817 δ
437 760 573 869 ἐγγυητής
575 785 608 833 ην
612 805 619 831 ,
637 760 835 838 προςελθεῒν
804 761 885 822 αυτόν

91 868 137 920 μοι
150 847 242 917 ἔχοντα
255 843 400 946 μάρτυρας,
418 847 462 902 καί
475 841 622 915 άπαιτήσαι
632 845 679 916 τήν
690 843 796 951 ἐγγύην,
813 847 836 904 εί
847 845 883 920 μή

93 932 265 1004 προπέρυσιν,
280 934 306 985 ἐν
323 951 358 1002 τῳ
346 924 507 994 ἐξελθοντι
519 928 638 1001 ἐνιαυτω
665 952 709 985 και
721 951 743 985 ει
754 952 800 1004 μεν
813 927 884 1004 αύτῷ

95 1007 241 1078 ἀπεδίδουν,
255 983 434 1084 κομίσοίσθαι,
448 1032 470 1067 ει
461 1007 558 1067 ’δέ’
522 1033 571 1084 μη,
585 983 804 1078 διίιάζεσθαι.
769 1036 819 1070 των
830 1011 884 1088 γάρ

94 1091 216 1151 τοιούτων
238 1091 415 1168 ἐγκλημάτων,
438 1091 566 1168 πρότερον
584 1100 646 1164 (9⁰1)
663 1092 711 1159 τὰς
730 1090 884 1164 άπαιτήσεις

95 1178 231 1234 ποιούνται
244 1174 364 1244 ἅπαντες,
377 1175 395 1247 ή
409 1173 563 1244 δικάζονται.
584 1172 632 1232 υίικ
644 1178 698 1234 έστι
710 1181 802 1245 τοίνυν,
816 1176 885 1243 ὅςτις

95 1256 252 1335 μαρτυρήσει
273 1262 487 1335 παραγενέσθαι,
513 1256 581 1315 ίίπου
604 1248 680 1325 οὗτος
700 1256 717 1329 ἢ
736 1264 842 1336 πέρυσιν
865 1258 883 1330 ἢ

95 1346 252 1442 πρρπέρσσιν
265 1338 405 1399 ἐδικάσατό
417 1365 473 1416 μοι,
494 1365 510 1412 η
498 1339 628 1417 ”λύγον
615 1344 729 1400 οντινοίιν
740 1340 883 1413 ἐποιήσατο

95 1423 160 1529 πρὸς
177 1427 220 1499 ἐμὲ
224 1427 306 1528 επερὶε
311 1447 346 1481 ων
362 1427 417 1483 νυνί
432 1447 476 1498 μοι
494 1421 674 1491 δικάζεται.
664 1449 703 1482 οτι
723 1423 749 1481 δ
764 1423 882 1498 ἐπεδήμει

95 1511 208 1586 πέρυσιν,
222 1506 266 1566 ὅτε
278 1531 306 1564 αι
297 1497 414 1565 “δίκαι
398 1530 474 1578 ησαν,
486 1508 550 1582 λαβέ
558 1531 603 1583 μοι
616 1505 663 1578 τήν
673 1510 825 1584 μαρτυρίαν.

400 1593 575 1691 (Μαρτρρία.)

154 1674 229 1747 Aa&
247 1670 279 1743 δή
294 1696 339 1748 μοι
355 1672 440 1731 καί
414 1697 459 1732 τον
471 1671 563 1748 νόμον,
579 1670 609 1738 ές
620 1667 756 1729 κελεύει
727 1693 775 1737 τας
787 1669 883 1748 ἐγγύας

95 1753 259 1820 ἐπετείουςτ
234 1777 305 1813 ειναι.
340 1759 386 1814 καὶ
397 1781 428 1814 ου
418 1753 627 1832 ’διισχυρίζομαι
645 1755 681 1829 τῷ
697 1752 780 1828 νόμῳ,
799 1753 834 1820 ὦς
852 1751 883 1812 66

95 1841 133 1896 δεῖ
142 1862 175 1914 με
190 1841 260 1909 δίκην
273 1840 415 1908 δούναι,’
393 1861 416 1897 ει
426 1836 610 1916 ήγγυησάμην,
629 1811 695 1895 άλλά
707 1835 828 1912 μάρτυρα
820 1835 887 1911 ’μοί

94 1945 159 1996 φησι
176 1920 222 1979 τὸν
239 1919 318 1993 νόμον
336 1918 400 1980 εἶναι
416 1925 463 1980 τοῦ
478 1920 514 1997 μή
531 1918 788 2022 ἐγγυήσαρθαι
737 1921 782 1976 καὶ
804 1916 885 1976 αύτδν

94 2007 198 2062 τούτον·
221 2003 417 2064 ἐδεδίκαστο
385 2028 438 2081 γαρ
452 2002 485 2063 άν
496 2028 540 2079 μαι
552 2027 597 2075 της
609 2011 702 2080 ἐγγυης
714 2009 741 2061 ἐν
752 2002 788 2076 τῷ
798 1999 884 2078 χρόνῳ

94 2090 129 2163 τῷ
143 2095 170 2145 ἐν
182 2089 218 2161 τῷ
230 2084 300 2163 νόμῳ
312 2092 486 2164 γεγραμμένῳ.

427 2169 552 2244 (Νόμου)

157 2256 282 2310 Γενέσθαι
299 2256 382 2311 τοίνυν
395 2255 439 2311 καί
450 2253 528 2311 τοῦτο
540 2250 601 2327 δμῖν
612 2249 745 2328 τεκμήριον
758 2252 805 2309 τού
817 2246 883 2328 ψεύ-

96 2338 195 2395 δεσθαι
211 2332 394 2412 Ἀπατούριον·
417 2337 439 2394 εί
458 2333 512 2412 γάρ
534 2332 704 2411 ἠγγυησάμην
724 2332 775 2411 ἐγὼ
801 2331 884 2407 τούτῳ

94 2418 140 2477 τὸν
152 2423 339 2494 Παρμένοντα,
357 2416 405 2477 οὖν
422 2421 491 2477 ἔστιν
504 2417 576 2483 ὅπως
588 2415 671 2492 τούτῳ
682 2421 729 2492 μέν
741 2416 806 2493 δπέρ
820 2419 883 2475 ἐκεί-

94 2527 140 2561 νου
154 2499 327 2577 άπιηγθόμην,
338 2500 463 2578 πρόνοιαν
475 2499 640 2574 ποιούμενος,
654 2499 724 2565 ὅπως
736 2498 772 2575 μή
786 2498 885 2564 άπολεῒ,

97 2611 113 2642 α
100 2583 190 2643 ‘62³'
178 2587 241 2661 εμού
255 2582 338 2658 τούτῳ
351 2587 495 2661 συνέβαλεν,
508 2580 624 2648 αὖτὸςδ
635 2580 745 2658 ἐμαυτὸν
757 2583 885 2682 περιειδον

96 2665 128 2726 άν
144 2664 187 2726 ὑπ’
210 2670 306 2726 ἐκείνου
323 2666 389 2743 πρὸς
406 2670 499 2726 τοῦτον
517 2673 543 2723 ἐν
559 2662 639 2741 ἐγγύη
660 2662 885 2738 καταλειπόμενον

95 2755 151 2810 τίνα
164 2749 217 2828 γάρ
230 2752 349 2809 ἐλπίδο”
334 2774 422 2824 εσχον,
441 2750 535 2809 ταύταν
549 2745 760 2820 ἀποσχήσεσθαί
773 2765 886 2821 μου
830 2786 839 2813 ,

675 2849 726 2899 Μ
