1972 3114
218 204 266 253 180
466 204 744 253 ΔΗΜΟΣΘΕΝΟΥΣ

217 328 274 374 την,
293 302 356 374 ὅσην
374 299 431 360 οὔδ’
448 299 523 360 οὗτοί
541 294 613 360 οὗτοι
632 300 845 380 ἇποκράτμασθαι
859 299 896 357 διδ

217 392 302 461 γεθος
314 384 380 462 πρὸς
393 383 439 455 τὴν
450 383 525 442 πόλιν
537 381 715 456 ἠδυνήθησαν.
746 388 791 442 καί
801 408 845 446 μοι
860 381 896 440 άνι

216 492 260 526 σκε
277 468 361 543 λαβεῖν
374 464 469 539 ταύτην
481 466 527 539 τὴν
538 472 688 546 μαρτυρίαν.

526 590 698 662 (Μαρτυρία.)

281 720 366 786 Δῆλον
376 722 423 792 μὲν
436 721 576 776 τοίνυνκαὶ
588 726 615 777 ἐκ
629 717 725 775 τούτων
739 720 794 776 ἐστί
807 716 836 774 τδ
846 718 896 786 πλῇ

221 796 320 864 οὐσίας.
341 803 521 858 πεντεκαίδεκα
533 800 586 877 γάρ
598 799 729 858 ταλάντων
741 804 799 878 τρία
814 798 896 856 τάλαν

220 887 330 956 τίμημα
352 881 446 954 ταύτην
463 881 590 955 ἦξίουν’
568 888 687 959 ειςφέρειν
705 881 751 954 τὴν
761 881 894 984 εῖςφορρίν.

220 962 399 1042 ἀκριβέστερον
412 965 568 1035 εἴσεσθε,
541 990 588 1037 την
600 964 691 1026 οὐσίαν
705 963 785 1036 αυτὴν
798 963 896 1023 άκοιίσο

219 1047 272 1125 γάρ
284 1048 383 1127 πατήρ,
402 1075 422 1108 ω
413 1046 539 1156 ’ἄνδρες
540 1051 671 1118 δικασταί,
686 1054 802 1107 κατέλιπε
816 1047 888 1106 δύο
876 1073 896 1124 ερ

219 1155 271 1208 ρια,
280 1136 363 1205 τέχνης
378 1131 409 1190 οὐ
419 1136 512 1209 μικρᾶς
525 1130 656 1236 ἑκάτερον,
662 1131 866 1239 μαχαιροποιοὺς
878 1155 896 1205 μ

220 1238 298 1272 κοντα
310 1240 354 1273 και
346 1213 446 1274 δυό“
429 1240 445 1286 η
460 1222 538 1291 τρεῖς,
559 1212 609 1272 ἆνά
622 1219 696 1274 πέντε
707 1217 773 1291 μνᾶς
785 1218 829 1272 καί
843 1216 881 1283 ἕξ,

221 1295 266 1356 οὐκ
279 1296 441 1365 ἐλάττονος“
424 1323 440 1370 η
455 1302 530 1375 τριῶν
542 1303 649 1374 μνῶν,α
633 1295 732 1367 άξίους,
758 1290 840 1371 ἀφ
819 1322 854 1356 ων
868 1322 896 1373 τρ

184 1382 286 1462 ἐμαῖς
298 1377 394 1448 ἀτελεῖς
406 1379 589 1456 ἐλάμβανε
545 1407 590 1440 του
604 1383 720 1440 ἐνιαυτοῦ
734 1380 780 1450 τὴν
794 1379 896 1456 πρόςοδι

220 1461 382 1529 νοποιοίιςδ’
403 1470 485 1524 είκοσι
502 1462 547 1522 τὸν
571 1461 700 1541 ἇριθμάν,
726 1462 896 1563 τετταράκσντ

219 1547 407 1621 υποκειμὲνους,
421 1571 446 1605 οι
434 1546 555 1605 ιδώδεκα
567 1549 633 1622 μναῖς
647 1543 785 1612 ἀτελεῖς
754 1548 823 1621 αυτῷ
837 1569 896 1621 προς

222 1627 345 1728 ἀργυρίου
360 1627 384 1686 δ’
401 1632 436 1696 εἷς
447 1628 574 1688 τάλαντον
587 1634 629 1688 ἐπὶ
642 1632 742 1736 δραχμῇ
757 1604 896 1702 δεδάνεισμι

220 1710 296 1777 τόκος
322 1717 434 1789 ἐγίγνετο
457 1715 504 1770 τοίι
526 1715 678 1772 ἐνιαυτου“
664 1711 775 1770 εκάστου
796 1718 884 1769 πλεῖον

218 1800 289 1870 μναῖ.
303 1798 347 1853 καί
358 1820 441 1859 ταυτα
454 1799 500 1871 μὲν
512 1795 602 1898 ἐνεργά
616 1793 786 1863 κατέλιπεν,
768 1820 801 1860 ως
817 1797 860 1852 καὶ
874 1819 896 1850 αι

220 1902 261 1936 τοι
273 1869 530 1955 ὁμολογήσουσιν·
510 1903 544 1937 ων
556 1884 671 1956 γίγνεται
683 1880 729 1936 τοῦ
741 1882 786 1953 μὲν
801 1877 894 1954 άρχαίο

220 1967 333 2020 λαιον
305 1986 415 2039 τετταρα
428 1959 542 2020 τάλαντα
557 1987 601 2020 και
592 1965 825 2034 πεντακιςχίλιαι,
848 1959 877 2018 τὸ
892 1984 896 2014 ι

221 2042 306 2103 αὐτοῖν
319 2043 476 2116 πεντήκοντα
488 2051 552 2120 μναῖ
562 2047 609 2103 τοίι
622 2047 738 2102 ἐνιαυτοῦ
751 2042 869 2101 ἑκάστου.
891 2068 896 2113 ;

219 2126 316 2187 τούτων
330 2133 455 2202 ἐλέφαντα
467 2133 513 2203 μὲν
526 2130 570 2186 καί
582 2129 694 2204 σίδηρον,
704 2127 734 2184 δν
747 2124 896 2203 κατειργάζο

220 2209 285 2276 ξύλα
304 2216 399 2269 κλίνειοι
416 2212 452 2277 εἷς
465 2208 625 2288 ὀγδοήκοντα
638 2213 706 2285 μνῶν
721 2210 794 2278 fieta,
818 2211 896 2280 κηκῖδι

218 2291 316 2364 χαλκὸν
327 2292 500 2370 ἑβδομήκοντα
512 2295 581 2368 μνῶν
594 2297 730 2367 ἐωνημένα,
753 2294 788 2350 ἔτι
803 2289 827 2349 δ>
843 2293 896 2349 οἶκί

219 2379 317 2447 χιλίων,
338 2378 431 2434 ἔπιπλα
449 2380 476 2434 δὲ
488 2380 532 2434 καί
542 2374 683 2451 ἐκπώματα
697 2378 741 2434 καῖ
750 2379 847 2450 χρυσία
860 2400 893 2431 κα

221 2460 265 2515 καὶ
277 2455 373 2531 κόσμον
387 2461 432 2530 τῆς
442 2459 539 2536 μητρὸς
552 2457 612 2526 άξια
625 2456 763 2533 σύμπαντα
777 2460 859 2515 ταῦτα
873 2459 894 2514 εἲ

222 2539 346 2617 δραχμάς,
362 2537 486 2618 άργυρίου
499 2539 524 2599 δ’
541 2544 612 2600 ἔνδον
625 2539 785 2618 ὀγδοήκοντα
797 2544 872 2615 μνᾶς.
886 2565 896 2597 κ

220 2648 254 2682 τα
266 2628 311 2699 μὲν
329 2629 394 2682 οἴκοι
410 2630 527 2682 κατέλιπε
544 2623 644 2692 πάντα,
669 2623 775 2682 ναυτικά
795 2620 819 2679 δ’
835 2625 896 2698 ἑβδοΙ

219 2711 297 2781 μνᾶς,
317 2708 416 2767 ἔκδοσιν
432 2707 506 2785 παρὰ
521 2705 633 2781 Ξούθῳ,
652 2711 820 2785 τετρακοσίας
834 2708 860 2764 δὲ
873 2731 896 2764 κι
