1972 3114
70 226 113 276 m,
212 215 323 264 ΚΑΤΑ
344 215 725 271 ΑΡΙΣΤΟΓΕΙΤΟΝΟΣΔ.
818 224 868 275 153

68 314 209 385 νοντίον,“
193 339 228 374 ον
240 318 289 389 μὲν
302 311 333 373 οὗ
346 313 451 417 προςηέι
461 315 558 420 χρόνον
567 318 634 394 ὑμῖν,
648 317 867 380 ἀναπαύσασθαι

69 403 115 457 τῶν
132 399 229 457 κακῶν
248 422 265 469 η
253 389 388 463 πολις
367 421 402 455 ων
415 397 513 457 άπασιν
527 425 602 467 ουτος
615 409 747 478 παρεῖχεν,
774 402 819 477 ἀφ’
836 398 867 464 οὗ

69 481 187 540 δίπάλτν
202 483 359 557 δημηγορεῖ,
376 487 588 559 πολιορκεῖσθαι,
605 483 700 560 λόγους
714 486 866 553 στασιώδεις

69 590 107 623 και
99 562 296 640 ταραχωδεις
314 561 375 620 ἐν
359 561 476 630 σπάσαις
494 563 534 622 άει
551 573 608 632 ταῖς
620 571 764 637 ἐκκλησίαις
777 573 864 644 λέγον-

68 671 107 714 ιος
118 671 233 706 τουτου.

123 728 274 802 Βούλομαι
287 733 372 787 τοίνυν
386 753 429 785 και
421 730 698 806 παρακινδυνευτικοῦ
712 731 862 806 τινόςάφα-

68 819 135 871 σθαι
154 810 243 889 λόγοιν
260 835 305 868 και
297 813 493 884 διαλεχθῆναι
510 820 564 878 τοῖς
581 812 623 871 διά
641 817 725 872 ταῦτα
744 819 865 886 φιλοῦσιν

68 893 159 954 οίιτόν·
191 917 241 958 ους
259 892 366 959 ὁποίους
382 899 426 968 μὲν
443 919 514 960 τινας
528 895 580 971 χρὴ
593 900 698 970 νομίζειν
711 893 786 954 αιἰτοὶ
799 921 862 956 σκο-

66 985 179 1046 πεῖσθε,
199 974 253 1053 ἐγω
273 973 297 1032 δ
314 974 424 1034 οὖδὲν”
407 1002 440 1033 αν
457 983 566 1051 εἴποιμι,
583 977 683 1049 πλην“
669 1002 742 1055 οτιγ
765 976 795 1037 οὗ
809 1004 862 1038 σω-

66 1083 198 1161 φρονουσι
217 1063 400 1135 προςνίμοντες
418 1059 512 1125 αὖτοὺς
529 1058 620 1134 τούτῳ.
653 1063 704 1118 τῶν
720 1065 766 1136 μὲν
779 1085 824 1118 ουν
838 1069 864 1120 ἐν

66 1167 98 1218 τερ
86 1145 320 1217 δικαστηρίῳ
291 1166 336 1199 νυν
350 1139 429 1200 όντων
438 1141 510 1243 ὑμῶν
522 1140 601 1200 ουδίν’
617 1139 681 1201 εἶναι
693 1145 811 1201 τοιοῦτον
824 1148 862 1201 τί-

66 1232 164 1302 θεμαι
187 1227 236 1282 και
247 1223 302 1300 γάρ
315 1215 453 1292 δίκαιον,
434 1249 455 1282 ω
469 1222 576 1302 άνδρες’
572 1231 714 1296 Αθηναιοι,
726 1251 771 1285 και
761 1225 863 1284 καλὸν

66 1313 108 1368 καὶ
131 1311 272 1384 συμφέρον
294 1305 362 1365 οὕτω
385 1309 429 1364 καί
448 1311 528 1384 λέγειν
549 1312 592 1384 ἐμὲ
611 1312 655 1366 καί
673 1315 779 1411 φρονεῖν
802 1310 864 1385 περὶ

65 1391 145 1466 mr.
181 1398 212 1449 ἐκ
225 1390 301 1446 δὲ
265 1413 317 1448 των
330 1387 412 1448 ἄλλων
424 1387 593 1459 πολιτῶν,“’
565 1415 589 1448 ιν
609 1389 644 1457 ὦς
660 1392 695 1457 είς
713 1395 862 1465 ἐλαχίστους

65 1475 109 1546 τὴν
127 1476 304 1550 βλασφημίαν
319 1469 424 1548 άγάγω,
441 1471 486 1530 τὸν
497 1471 635 1547 μαθητήν,
647 1475 670 1531 εί
683 1476 710 1531 δὲ
722 1473 862 1549 βούλεσθε,

65 1557 108 1616 τόν
122 1554 289 1616 διδάσκαλον
302 1552 395 1623 αιἰτοῦ,
411 1554 570 1632 Φιλοκράτην
580 1554 625 1614 τὸν
634 1554 799 1623 Ἐλευσίνιον,
810 1554 861 1632 μό-

66 1664 108 1699 νον
121 1637 193 1698 εἶναι
204 1640 325 1696 τοιοῦτον
337 1642 452 1713 τίθεμαι,
462 1636 510 1711 οὗγ
522 1638 557 1704 ὥς
570 1636 627 1711 οὐχὶ
640 1636 761 1697 πλειόνων
774 1637 861 1706 όντων,

68 1721 161 1798 (ὤφελε
174 1719 233 1799 γάρ
246 1722 333 1794 μηδείς
345 1718 422 1787 ἄλλος
430 1718 628 1797 Ἀριστογείτονι
639 1725 761 1798 χαίρειν)
776 1719 828 1781 ἀλλ’
845 1720 861 1780 ό

67 1803 161 1863 ιιαθΗ
145 1805 224 1880 υμῶν
238 1803 273 1868 ὥς
261 1801 406 1869 όνειδος’
395 1828 460 1862 οιινω
448 1806 565 1880 λέγειν,
579 1801 684 1863 οὐδὲ
651 1828 701 1863 των
714 1803 796 1862 ἄλλων
809 1828 859 1862 πο-

67 1890 141 1948 λιτῶν
159 1884 303 1950 δίκαιός’
281 1909 331 1961 ειμι
345 1889 455 1960 δημοσίᾳ
468 1893 629 1987 κατηγορεῖν
652 1885 707 1944 ειτα
722 1911 765 1943 και
779 1883 860 1944 ταύτὸ

67 1993 171 2043 ποιησει
185 1972 233 2026 καί
245 1966 312 2043 πρὸς
324 1969 368 2026 ἕνα
381 1968 498 2070 ρηθείςκ
485 1994 500 2027 ο
513 1968 598 2046 λόγος.
632 1968 661 2027 τό
679 1972 725 2044 μὲν
743 1992 787 2025 ουν
805 1975 859 2034 ἐξε-

67 2053 150 2122 τάζειν
171 2046 331 2129 ἇκριβῶς
304 2075 357 2110 οιον
375 2049 474 2129 ἀνάγκη
491 2051 538 2123 τὴν
554 2050 633 2126 φάσιν
651 2049 761 2109 εἶναι
735 2074 780 2107 τον
790 2047 858 2125 Ἀρι-

26 2140 30 2191 ἐ
69 2141 215 2213 στογείτονι
227 2137 351 2233 χρίροντα
364 2133 471 2200 ίάσω,”
459 2159 501 2193 ινα
515 2158 549 2206 μη
539 2133 646 2193 πολλά
660 2160 704 2192 και
696 2130 858 2209 βλάσφημα

26 2218 29 2223 ’
68 2227 128 2292 (78⁴)
142 2214 332 2293 ἀναγκάζωμαι
345 2222 424 2294 λέγειν
437 2241 481 2274 και
472 2220 614 2286 διεξιεναι.
630 2215 682 2274 ἀλλ’
694 2223 773 2275 έκεῖνο
785 2221 856 2292 λέγω.

25 2312 28 2321 “
69 2298 224 2378 εἶπανηρός
245 2305 315 2357 ἐστιν
328 2297 519 2377 Ἀριστογείτονι
537 2299 625 2365 άπλῶς
641 2303 686 2358 καί
704 2299 794 2376 πικρὸς
814 2302 859 2358 καλ

69 2382 247 2486 συκοφάντης
250 2385 294 2439 καὶ
307 2386 423 2449 τοιοῦτος
436 2379 490 2448 οἷος
501 2381 668 2454 ὑπισχνεῖται,
681 2385 777 2458 δίδωμι,
791 2406 855 2459 τυγ-

22 2504 29 2529 ,
67 2469 155 2545 χωρῶ,
180 2462 351 2541 Φιλόκρατες,
369 2468 412 2523 σοι
429 2468 464 2540 τῷ
478 2463 585 2539 τοιούτῳ
596 2463 642 2523 τόν
654 2465 743 2566 όγιοιον
757 2464 856 2534 σώζειν·

8 2534 21 2569 s
68 2554 117 2609 τῶν
135 2549 193 2651 γὰρ
213 2545 330 2605 αλλων’
315 2546 437 2606 απάντων
452 2551 497 2605 και
509 2545 650 2605 ποιούντων
663 2573 680 2604 α
668 2547 736 2605 ιδελ
748 2550 792 2606 καί
805 2572 855 2622 φυ-

70 2631 216 2692 λιπόντων
228 2629 290 2695 τοὺς
301 2628 402 2706 νόμους,
415 2626 519 2688 οδδέν”
501 2655 533 2687 αν
544 2629 617 2706 παρά
630 2629 698 2688 τοῦτ’
714 2636 800 2704 οἴομαι
813 2652 856 2705 γε-

55 2715 176 2774 ’έσθαο
199 2736 222 2771 ει
213 2715 262 2770 ’δὲ
275 2711 390 2784 κάπηλός
403 2720 457 2771 ἐστι
470 2716 593 2790 πονηρίας
606 2736 649 2771 και
641 2711 858 2788 παλιγκάπηλος
