1972 3114
93 235 125 285 82

347 228 629 279 ΔΗΜΟΣΘΕΝΟΥΣ
832 242 879 286 τος,

133 330 195 398 τοέις
211 333 344 404 κειμέναις
377 328 423 388 ἐόν
440 331 469 387 δέ
484 352 550 395 τινες
565 329 617 387 τόν
632 325 717 402 νόμων
734 326 785 384 τόν
777 332 879 428 κειμέ-

132 439 182 475 νων
195 410 462 490 ὀποχειροτονηθῶσι,
475 410 537 477 τοὺς
549 409 697 489 πρυτάνεις,
714 406 752 483 ἐφ
769 401 804 468 ὧν
817 409 850 468 ὀίν
863 409 880 481 ἦ

134 500 318 573 ἐπιχειροτονία
333 499 451 571 γένηται,
475 500 559 554 ποιεῖν
576 494 697 594 περὶτῶν
710 490 879 570 ἀποχειροτο-

131 584 264 652 νηθέντων
275 575 322 648 τὴν
333 578 529 635 τελευταίαν
493 601 545 636 των
557 580 633 653 τριῶν
645 577 797 646 ἐκκλησιῶν·
818 574 881 673 τρέις

134 666 161 720 δέ
178 660 384 738 προέδρους,“
355 683 381 717 οι
398 658 430 718 ὀίν
441 658 537 733 τόχωσι
549 657 746 736 προεδρεύοντες
759 665 786 716 ἐν
796 655 880 733 ταότμ

132 747 165 820 τῇ
180 746 310 816 ἐκκλησίην,
326 745 485 818 χρηματίζειν
497 740 641 819 ἐπάναγκες
652 744 755 818 πρῶτον
766 739 833 816 μετὰ
845 738 880 798 τόν

133 826 191 903 ἱερὰ
207 828 267 902 περὶ
284 828 335 882 τόν
351 826 516 900 νομοθετῶν,
534 821 599 882 καθ’
616 823 631 884 ὀ
647 849 672 883 τι
689 825 879 882 καθεόοόνται·

134 911 258 985 καὶπερὶ
280 911 326 965 τοό
350 905 486 986 ἀργυρίου,
512 906 616 966 ὁπόθεν
641 913 696 973 τοῖς
722 910 880 982 νομοθέταις

134 995 218 1049 ἔσται·
241 989 302 1056 τοός
314 993 342 1046 δέ
353 995 501 1066 νομοθέτας
517 987 582 1048 εἶναι
599 997 626 1048 ἐκ
644 991 696 1048 τῶν
708 986 880 1065 ὀμωμοκότων

133 1074 177 1132 τόν
189 1072 338 1146 ἡλιαστικόν
351 1073 434 1150 ὅρκον.
452 1070 535 1131 έόινδ)
553 1075 577 1131 οἳ
588 1071 725 1150 πρυτάνεις
735 1071 771 1147 μὴ
785 1075 880 1130 πωῶσε

133 1156 201 1215 κατὰ
222 1156 255 1214 τέι
276 1160 439 1233 γεγραμμένα
456 1155 502 1227 τὴν
519 1159 665 1227 ἐκκλησίαν,
686 1155 703 1226 ἢ
721 1152 880 1232 οἱπρόεόροε

132 1239 167 1316 μη
178 1244 356 1316 χρηματίσωσι
370 1238 437 1297 κατὰ
450 1238 484 1296 τέι
497 1243 674 1317 γεγραμμένα,
700 1235 811 1312 ὀφείλειν
829 1239 881 1296 τῶν

131 1327 177 1398 μέν
202 1321 350 1399 πρυτάνεων
373 1324 482 1380 ἕκαστον
504 1326 588 1395 χιλίας
615 1321 732 1399 δραχμὰς
753 1320 825 1398 λερᾶς
846 1321 879 1397 τῇ

130 1404 242 1478 Ἀθηνᾷ·
257 1408 307 1462 τῶν
321 1407 347 1462 δέ
359 1408 489 1482 προέδρων
498 1413 560 1477 (λεί)
569 1407 677 1471 ἕκαστος
691 1401 812 1478 ὀφειλέτω
820 1425 877 1461 τετ-

131 1487 282 1565 ταράκοντα
300 1487 416 1563 ὀραχμέις
434 1487 505 1565 ἱερέες
525 1490 558 1564 τῇ
574 1486 681 1561 Ἀθηνᾷ.
716 1491 761 1545 καὶ
777 1488 880 1554 ἔνδειξις

133 1571 218 1628 αὐτῶν
237 1572 303 1628 ἔστω
319 1570 385 1647 πρὸς
402 1569 463 1640 τοός
478 1575 663 1646 θεσμοθέτας,
688 1567 816 1645 καθάπερ
834 1567 879 1628 ἐόν

133 1677 171 1718 τις
192 1651 258 1728 ὀρχη
279 1649 384 1725 ὀφείλων
405 1655 440 1728 τῷ
462 1655 589 1730 δημοσίῳ·
612 1655 636 1712 οἳ
658 1655 685 1710 δέ
709 1656 878 1728 θεσμοθέται

132 1734 193 1800 τοός
206 1738 382 1807 ἐνδειχθέντας
394 1734 546 1812 εἶςαγόντων
556 1737 593 1801 εἷς
607 1735 637 1794 τό
651 1734 817 1812 δικαστήριον
830 1759 877 1792 κα-

133 1817 166 1875 τόι
179 1817 224 1876 τόν
236 1815 326 1892 νόμον,
351 1817 369 1889 ἢ
380 1818 415 1894 μὴ
431 1815 552 1878 ἀνιόντων
565 1820 600 1884 εἷς
606 1817 708 1921 ’Ἀρειρν
719 1817 818 1895 πόγον,
844 1817 880 1884 ὦς

133 1899 347 1966 καταλύοντες
321 1925 366 1972 την
382 1899 566 1978 ἐπανόρθωσιν
582 1925 633 1959 των
654 1900 745 1977 νόμων.
778 1898 830 1977 πρὸ
851 1901 879 1958 δέ

129 2008 176 2056 της
187 1983 349 2054 ἐκκλησίας
336 2009 351 2042 ο
364 1981 528 2059 βουλόμενος
522 1988 667 2086 Αθηναίιρν
678 1987 802 2042 ἐκτιθέτω
810 1978 875 2059 πρό-

131 2068 233 2123 σθε
198 2090 249 2124 των
262 2065 405 2168 ἐπωνύμων,
419 2065 534 2167 γράφεις,
546 2065 608 2135 τοός
618 2064 719 2141 νόμους,
732 2065 779 2131 οός
792 2063 826 2123 ὀίν
839 2088 876 2122 τι-

131 2148 210 2225 θῇ,
201 2149 272 2215 όπως
285 2147 330 2217 όν,
343 2149 409 2227 πρὸς
421 2173 451 2208 το
441 2148 618 2220 πληθος”
583 2173 633 2208 των
645 2153 774 2207 τεθέντων
783 2145 876 2222 νόμων,

131 2231 303 2307 ηωμφίσηται“
290 2256 304 2290 ο
319 2235 398 2307 δῆμος
409 2233 468 2308 περὶ
481 2233 528 2290 τοῦ
536 2230 634 2309 χρόνου
642 2255 697 2296 τοις
709 2235 875 2306 νομοθέταις.

132 2312 148 2371 ὀ
160 2315 188 2370 δέ
199 2317 287 2385 τιθείς
295 2314 339 2373 τὸν
353 2313 440 2373 καινόν
451 2313 542 2388 νόμον,
561 2312 719 2392 ἀναγράψας
732 2315 769 2380 εἰς
781 2311 876 2371 λεόκω-

131 2419 182 2470 μα,
201 2401 323 2454 ἐκτιθέτω
336 2397 443 2474 πρόσθε
456 2400 507 2455 τόν
520 2398 658 2473 ἐπωνύμιον
676 2396 801 2475 ὁσημέραι
806 2439 814 2465 ,
832 2398 878 2461 ἕως

132 2477 166 2536 όν
177 2481 297 2548 ἐκκλησία
309 2484 420 2556 γένηται.
436 2482 572 2557 αἱρεῖσθαι
586 2483 613 2538 δέ
626 2482 671 2538 καί
683 2480 744 2546 τοὺς
757 2502 875 2538 συναπο-

132 2564 319 2636 λογησομενους
335 2561 381 2621 τὸν
397 2565 477 2639 δῆμον
492 2569 548 2629 τοῖς
564 2561 664 2637 νόμως,
691 2563 718 2622 οἳ
732 2561 766 2622 όν
783 2567 877 2627 ἐντοῖς

131 2647 288 2717 νομοθέταις
312 2643 432 2713 λέωνται,
462 2649 535 2703 πέντε
561 2643 658 2723 ὀνιλρας
683 2648 710 2713 ἒξ
731 2642 877 2717 Ἀθηναίων

133 2724 263 2796 ἆπόντων,
277 2731 309 2805 τῇ
322 2727 443 2805 ένδεκοίτη
456 2731 502 2786 τοῦ
515 2730 720 2804 ἑκατομβαιῶνος
730 2728 835 2805 μηνός.“
