1972 3114
149 193 198 244 256
399 195 684 245 ΔΗΜΟΣΘΕΝΟΥΣ
890 207 939 252 898.

152 300 287 372 Φωκρίτῳ,
313 292 367 352 εἶτα
386 293 553 362 κελεύσαντος
569 298 615 354 τοῦ
636 299 767 372 Φωκρίτου
789 290 850 370 παρ’
872 291 940 369 ἄλλῳ

148 381 198 437 τινί
208 383 324 446 θέσθαι,
332 384 451 436 τίθενται
463 377 537 455 παρὰ
550 382 586 455 τῷ
597 377 757 456 Ἀριστοκλεῖ.
771 380 815 435 καί
827 376 862 442 ὧς
876 374 940 448 ἅλη-

149 463 191 534 θή
204 466 276 539 λέγω,
291 459 422 519 οῖκοιλσατε
434 465 484 519 τοῖν
493 465 648 539 μαρτυριῶν.

453 599 637 671 (Μαρτυρίαι.)

207 710 262 769 Ὅτι
278 712 324 785 μέν
342 712 472 780 ἐτέθησαν
490 713 518 768 αῖ
535 714 668 783 συνθῆκαι
685 708 759 786 παροῖ
774 705 941 786 Ἀριστοκλεῖ,

150 796 196 852 καὶ
216 792 232 864 ή
255 791 379 868 ἐπιτροπὴ
398 796 496 892 ἐγένετο
517 798 638 869 Φωκρίτῳ
660 819 704 851 και
695 790 876 896 Ἀριστοκλεῖ
896 795 942 849 καὶ

150 879 213 951 ἐμοί,
229 898 252 931 οι
244 873 361 940 “εῖδότες
373 879 456 933 ταῦτα
466 875 695 976 μεμαρτυρήκασιν
707 875 773 951 ὑμῖν.
810 878 900 950 δέομαι
914 877 941 930 δέ

149 958 233 1034 υμῶν,
255 982 275 1015 ω
267 954 385 1034 οῖ’νδρες
403 960 537 1027 δικασταί,
559 959 592 1016 τὰ
608 957 674 1034 μειοῖ
692 982 776 1017 ταυτα
793 953 937 1060 πραχθέντ’

151 1039 266 1099 ἇκουσαί
281 1061 343 1114 μου·
366 1043 489 1099 ἐντεῦθεν
504 1040 558 1117 γὰρ
576 1043 649 1100 ἔσται
671 1039 784 1118 φανερὸν
805 1039 878 1114 υμῖν,
899 1037 940 1096 ὅτι

151 1125 365 1197 συκοφαντοῦμαι
382 1122 435 1181 ὑπὸ
451 1125 555 1182 τουτουί
569 1121 747 1200 Ἀπατουρίου.
783 1121 869 1193 ἐπειδή
884 1120 940 1198 γὰρ

150 1205 255 1310 ήσθετο
269 1202 453 1281 ὁμογνώμονας
467 1204 543 1273 ίιντας
556 1210 599 1313 εζρέ
616 1210 661 1265 καὶ
676 1205 721 1266 τὸν
736 1204 866 1282 Φώκριτον
871 1249 878 1273 ,
896 1207 941 1262 καί

151 1293 216 1388 έγνω
230 1287 504 1359 καταδιαιτήσοντας
489 1293 558 1362 ημᾶς
570 1291 676 1359 ἑαυτοῦ,
697 1292 775 1349 λῦσαι
786 1286 941 1393 βουλόμενος

150 1370 196 1441 τήν
206 1369 368 1472 ἕπιτρριιήν,
395 1372 601 1450 διαφθεῖραι
571 1397 619 1455 τας
638 1369 806 1479 συνθήκας’
793 1374 940 1446 ιπεγείρησε

150 1452 215 1528 μετὰ
230 1477 276 1510 του
291 1455 394 1524 ἔχοντος
407 1452 496 1519 αὐτοῖς.
532 1480 576 1512 και
567 1446 696 1525 ήλθεν’
683 1458 725 1513 ιπί
738 1480 767 1514 το
758 1454 938 1555 διαμφισβή-

151 1542 214 1603 τεῖν,
233 1534 267 1599 ὦς
280 1535 349 1609 αὖτῳ
338 1535 529 1607 διαιτητής’
508 1546 545 1607 εἴη
560 1562 574 1596 ο
565 1535 760 1613 Ἀριστοκλῆς,
779 1536 824 1595 τὸν
835 1538 865 1593 δέ
880 1533 939 1593 Φώ-
977 1597 981 1603 ‚

150 1642 235 1695 κριτον
249 1620 293 1675 καὶ
305 1623 347 1693 ἐμὲ
360 1615 465 1685 οὐδενὸς
476 1625 578 1694 κυρίους
591 1623 684 1694 ἔφησεν
697 1617 773 1687 εἶναι,
795 1615 847 1676 ἄλλ’
863 1615 881 1690 ἢ
894 1618 940 1676 τοῦ

152 1702 328 1758 συνδιαλῦσαι.
351 1698 538 1777 ἀγανακτήσας
560 1701 590 1773 δή
611 1705 646 1776 τῷ
668 1700 737 1779 λόγῳ
755 1702 769 1760 ὃ
788 1705 941 1777 Παρμένων,

150 1781 224 1853 ἠξίου
237 1783 282 1840 τὸν
291 1782 453 1860 Αριστσκλέα
467 1785 619 1860 ἐκφέρειν
590 1809 638 1851 τας
656 1783 803 1856 συνθήκας,
832 1779 938 1855 (898)’
907 1807 940 1840 ου

151 1865 241 1973 πόρ’ρω
252 1865 362 1940 φάσκων
375 1875 439 1924 εῖναι
452 1866 498 1924 τὸν
510 1870 657 1944 ἒλεγγον,’
635 1874 663 1924 εί
671 1893 695 1925 τι
708 1872 879 1945 κακουργοῖτο
892 1888 940 1923 νιε-

151 1952 176 2025 ρί
189 1948 222 2006 τὰ
235 1947 389 2048 γράμματα·
409 1954 568 2051 γεγραφέναι
581 1947 679 2026 γὰρ’
648 1975 715 2008 αυτα
706 1949 851 2022 ὀἷκέτην“
837 1973 941 2007 εαυτου.

152 2031 316 2108 ὁμολογήσας
329 2029 353 2088 δ’
363 2032 511 2098 ἐξοίσειν
482 2057 530 2099 τας
540 2031 680 2104 συνθήκας
694 2030 909 2111 ὃἉριστοκλής,’
896 2054 941 2106 εμ·

151 2122 240 2189 φανεῖς
251 2118 307 2190 μέν
312 2112 384 2173 οίιπω
393 2118 441 2173 καί
453 2113 562 2191 τήμερον
574 2114 740 2189 ἐνήνοχεν,
719 2139 754 2182 εις
771 2113 844 2173 δέ
816 2139 863 2186 τήν
878 2112 941 2188 ἡμέ-

152 2223 200 2275 ραν
227 2197 273 2267 τήν
299 2202 462 2298 σιγκειμένιμ
483 2194 637 2269 ἀπαντήσας
657 2200 693 2264 εἷς
713 2197 744 2257 τὸ
761 2198 943 2272 Ἡφαιστεῖον,

151 2277 397 2387 προυφασίζετο,(
379 2304 413 2345 ως
427 2280 441 2338 ὁ
454 2287 528 2348 παῖς,
551 2285 689 2357 περιμένων
702 2280 789 2348 αὗτόν,
808 2277 941 2337 ἇτιολωλε-

153 2363 203 2427 κώς
221 2369 258 2432 εἴη
275 2361 305 2420 τὸ
297 2370 497 2446 γραμματεῖον
515 2363 698 2422 καθεύδων.
685 2389 699 2422 ο
717 2366 746 2420 δέ
759 2365 843 2421 ταῦτα
858 2385 943 2419 κατα-

153 2437 308 2512 σκευαζων
293 2469 324 2514 ην
334 2442 476 2520 ''Eqvfimc
463 2471 477 2505 ο
490 2444 593 2522 ἰατρός,
612 2445 627 2505 6
645 2455 671 2505 ἐκ
684 2448 827 2523 Πειραιῶς,
845 2445 944 2510 οἰκείως

153 2531 257 2601 έχων
228 2530 263 2583 τῶ
274 2525 474 2603 ’4ριστοκλεῖ·’
464 2528 543 2604 όςπερ
561 2532 606 2587 καὶ
618 2531 674 2627 ἐμοί
686 2553 732 2588 του
746 2552 847 2606 αγωνος
860 2524 945 2593 αἴτιός

152 2619 219 2678 εστι,
239 2584 398 2684 διαφέρως”
382 2635 451 2682 εγων.
473 2612 518 2668 καὶ
530 2611 564 2678 ὡς
578 2611 712 2689 ἐσκήψατο
725 2607 943 2670 ἁπολωλεκεῖαι“
927 2634 943 2668 ο

148 2689 319 2769 Ἀριστοκλῆς,
335 2689 467 2752 ιλκοήσατε
479 2695 529 2752 τῶν
541 2697 694 2773 μαρτυριῶν.
