1972 3114
148 239 196 290 262
270 237 434 287 ΔΗΜΟΣΘ.
452 238 547 287 ΠΡΟΣ
564 237 814 288 ΔΠΑΤΟΥΡΙΟΝ.
888 245 936 293 ⁹⁰4.

144 363 193 415 μαι
206 342 382 412 ἐπιδεδεῖχθαι
394 340 472 396 τοιῖτο
485 337 555 413 ὑμῖν,
569 329 590 397 οῖ
603 336 693 415 ἀνδρες
710 341 842 397 δικασταί·
864 334 895 395 τὸ
909 338 937 392 δέ

146 421 288 496 κεφάλαιον
301 421 367 498 πρὸς
379 425 422 495 ἐμέ
434 418 493 479 οὐδ’
504 420 657 499 ἐπιχειρήσει
669 426 749 499 λέγειν
759 418 937 497 Ἀπατούριος,

146 505 181 572 οῖς
199 507 333 576 συνθῆκαί
347 527 412 570 τινες
430 501 500 580 αὖτῳ
488 504 627 562 ἐῖσίν.”
612 529 676 564 οταν
693 507 720 562 δέ
732 508 793 581 λέγη
805 501 935 582 ψευδόμε-

146 611 203 658 νος,
229 587 264 688 ρῖς
281 595 308 646 έν
324 594 382 653 ταῖς
395 594 457 660 (⁹04)
470 586 536 663 πρὸς
548 584 593 645 τὸν
605 591 777 689 Παρμινοντα
789 584 936 656 συνθήκαις

146 668 290 778 ἐνεγράφην
312 667 449 746 ἐγγυητής,
472 666 604 727 ἀπαιτεῖτε
623 669 704 729 αὐτὸν
724 668 772 736 τὰς
789 667 935 739 συνθήκας.

146 778 191 812 και
182 751 309 812 ἐνταῦθ’
326 750 396 827 αὐτῷ
409 749 556 821 ἀπαντᾶτε,
569 751 610 811 ὅτι
621 751 716 819 πάντες
734 750 934 858 ἀνθρακιοιψ

146 860 196 895 ταν
208 834 275 911 πρὸς
287 832 412 906 ἀλλήλους
423 837 547 894 ποιῶνται
558 834 733 942 συγγραφάς,
750 834 845 894 τούτου
863 836 937 894 ἕνεκα

149 916 323 992 σημηνάμενοι
333 923 454 976 τίθενται
465 914 526 995 παρ’
544 913 582 984 οἷς
595 917 628 977 ἀν
641 917 822 988 πιστεύσωσιν,
834 915 877 987 ίν’,
890 915 937 977 έοίν

147 1027 172 1060 τι
185 991 386 1078 ἀντιλέγωσιν,
369 1026 385 1076 η
400 998 496 1069 αὐτοῖς,
508 1004 726 1060 ίπανελθοιῖσιν’
713 1004 756 1060 επί
765 1001 799 1060 τά
810 999 936 1103 γράμμα·

147 1109 195 1153 τα,
214 1085 335 1142 ἐντειῖθεν
352 1082 399 1141 τὸν
416 1085 522 1184 ἔλεγχον
536 1081 708 1155 ποιήσασθαι
720 1087 780 1161 περί
793 1089 840 1144 τοῦ
854 1108 935 1159 αμφι-

147 1169 329 1243 σβητουμενου.
364 1164 483 1236 ὅτανδ’,
507 1163 640 1241 ἀφανίσας
657 1191 695 1234 τις
710 1165 840 1268 τακριβές,
867 1165 936 1243 λόγῳ

147 1251 283 1318 ἐξαπατᾶν
296 1251 425 1324 πειρᾶται,
439 1251 495 1316 παῖς
513 1274 546 1308 αν
562 1252 667 1317 δικαίως
682 1248 845 1321 πιστεύοιτος
869 1247 937 1333 ἀλλά

147 1332 177 1403 νή
192 1336 256 1401 Δία,
273 1330 342 1402 (τίν’
327 1334 424 1433 ρᾷστρν
437 1338 491 1399 τοῖς
505 1330 600 1393 ἀδικεῖν
613 1336 658 1391 καί
669 1340 840 1408 συκοφαντεῖν
839 1356 936 1435 προη-

148 1420 281 1492 ρημένοις,)
292 1413 451 1518 μαρτυρήσει
463 1440 501 1482 τις
515 1413 585 1491 αυτῷ
599 1413 655 1474 κατ’
670 1419 740 1492 ἐμοῦ.
762 1415 807 1475 ἐὰν
821 1440 868 1475 ουν
879 1423 935 1474 ε’πι-

94 1508 96 1513 '
149 1497 288 1575 σκήψομαι
307 1495 390 1573 αυτῷ,
415 1496 502 1557 πόθεν
524 1498 571 1569 τήν
587 1497 718 1568 ἀπόδειξιν
736 1496 873 1570 ποιήσεται
889 1500 937 1557 τοῦ

149 1578 239 1651 ἀληθῆ
252 1587 404 1657 μαρτυρεῖνς
429 1583 505 1638 ἐκ
470 1605 521 1641 των
533 1584 686 1654 συνθηκων,·
712 1583 789 1641 τοῦτο
803 1585 889 1641 τοίνυν
901 1580 938 1657 μή

148 1659 352 1737 ἀναβαλλέσθω,
371 1660 424 1721 ἀλλ’
439 1661 488 1736 ήδη
505 1668 602 1741 φερέτω
619 1665 633 1724 ὁ
652 1668 715 1738 ἔχων
728 1663 776 1731 τάς
790 1663 938 1736 συνθήκας.

147 1747 170 1803 εί
187 1742 211 1802 δ’
228 1742 385 1804 ἀπολωλέναι
402 1749 480 1820 φησί,
502 1745 590 1806 πάθεν
606 1746 678 1823 λάβω
696 1747 746 1825 ἐγὼ
764 1748 810 1806 τὸν
833 1751 940 1824 ἔλεγχον

148 1830 490 1906 καταψευδομαρτυρηθείς
511 1830 534 1888 εί
544 1833 591 1905 μέν
602 1829 656 1930 γὰρ
668 1829 728 1907 παρ’
744 1834 800 1906 ἐμοί
813 1835 893 1902 ἐτέθη
907 1829 939 1889 τὸ

147 1918 332 2012 γραμματεῖον,
345 1912 401 1982 ἐνῆν
415 1910 595 1971 αίτιοίσασθαι
606 1910 774 1990 Ἀπατουρίων,
787 1912 822 1980 ὦς
834 1911 886 2014 ἐγὼ
895 1911 939 1973 δια

147 1993 194 2064 τήν
207 1991 326 2070 ἐγγύην
311 1991 426 2066 ηφάνικα
438 1992 487 2060 τοῖς
499 1993 648 2066 συνθήκας
663 2019 685 2054 ει
676 1997 726 2054 ’δέ
739 1996 854 2073 παρὰ
825 2021 861 2054 τω
849 1994 938 2073 Ἀρι-

150 2081 262 2144 στοκλεῖ,
281 2075 324 2134 διά
337 2079 374 2145 τί,
395 2082 466 2153 εἴπερ
479 2075 540 2136 ἀνευ
553 2103 599 2149 της
610 2102 704 2137 τουτου
716 2102 819 2155 γνωμης
831 2077 938 2138 απολω

149 2164 226 2216 λασιν
240 2184 267 2216 αι
258 2159 471 2230 ’συνθηκαη
435 2185 471 2235 τῳ
483 2163 530 2236 μέν
542 2159 692 2236 λαβόντι
660 2160 741 2228 αυτάς
753 2164 798 2219 και
811 2159 842 2221 σι’)
855 2166 939 2239 παρέ-

146 2264 217 2314 χοντι
231 2265 261 2300 ου
250 2239 406 2310 ’δικάζεταη
415 2240 505 2344 ίμρίδ
517 2248 626 2345 ἐγκαλεῖ,
619 2241 754 2346 ,μάρτυρα
764 2242 942 2321 παρεχόμενος

149 2345 199 2381 κατ
196 2319 315 2399 ’ἐμοῦ
289 2347 335 2383 τον
345 2321 490 2399 ηφανικιίτα
502 2324 550 2393 τάς
563 2324 731 2402 συνθήκας,
716 2351 737 2384 ω
751 2329 876 2403 προςήκεν
890 2325 940 2386 αὗ-

149 2401 196 2462 τὸν
206 2401 406 2480 ὄργίζεσθαι,”
379 2430 450 2485 ειπερ
457 2406 493 2484 μή
504 2411 575 2486 κοινῇ
584 2408 650 2484 μετὰ
659 2407 754 2468 τούτου
766 2415 941 2513 ίκακοτέχνεις

212 2492 322 2563 Εἴρηταί
335 2513 380 2565 μοι
397 2490 430 2548 τά
448 2491 581 2560 δίκαια,
567 2516 619 2551 οσα
637 2489 824 2568 ήδυνοῖμην.
809 2499 881 2570 υμεῖς
895 2518 942 2554 ουν

150 2567 217 2627 κατὰ
232 2569 293 2637 τοὺς
305 2569 399 2650 νόμους
409 2572 565 2651 γιγνώσκετε
577 2599 612 2634 τα
601 2574 721 2635 ’.δίκαια

458 2732 644 2761 ura-m...-
