1972 3114
145 215 194 264 208
400 215 677 265 ΔΗΜΟΣΘΕΝΟΥΣ
886 226 934 273 8λλ.

146 339 195 392 ρας
206 316 309 392 ψευδεῖς
322 313 510 392 παρεχόμενον,
532 317 577 374 καλ
588 317 771 373 διακλέπτοντα
784 319 839 380 τοῖς
853 313 933 374 αὖτοῦ

145 396 271 504 λόγος’
244 421 291 468 την
304 394 479 468 ἀλήθειαν
444 422 495 458 των
511 420 710 500 πατραγμενων,
729 395 796 455 οῶτω
811 396 934 474 μεγάλοις

146 483 191 538 καὶ
203 486 325 557 φανεροῖς
338 485 455 583 ἐλέγχοις,
468 478 563 547 ῶςθ’“
548 483 617 556 υμάς
629 478 762 619 πάγταςό)
743 485 867 539 εἴσεσθαι
881 505 932 538 σα-

146 566 210 638 φῶς,
224 562 263 622 δτι
275 562 347 637 ήμεῖς
358 567 405 639 μὲν
419 561 509 635 ἀληθῆ
522 567 634 640 λέγομεν,
648 553 724 629 οὗτος
737 559 878 620 οὐδέν’
862 567 934 662 υγιὲς

146 652 251 747 εἰρηκεν
282 643 432 747 ἀρξομαιδ
449 649 578 747 ἐγτεάθεν,
592 645 658 705 σθεν
670 648 715 704 και
726 668 797 719 υμεις
809 642 919 724 ῥρστ
900 671 933 704 αν

145 727 270 804 μάθοιτε,
283 726 356 828 κάγῶ
368 726 467 831 τάχιστ
484 727 517 788 ἀν
529 729 667 805 διδάξαιμι.

205 807 273 887 Ἐγῶ
286 808 352 888 γάρ,
364 836 385 870 ω
370 802 488 889 ἀνδρες
501 813 634 881 δικασταί,
654 813 808 886 Δημοφῶντι
820 835 865 869 και
855 813 931 882 Θη-

147 895 255 971 ριππλδῃ
268 896 313 951 καὶ
323 892 406 970 τούτῳ
420 896 492 960 δλκας
509 897 600 968 ἔλαχον
617 895 769 973 ἐπιτροπῆς,
785 891 931 971 ἀποστερη-

146 975 242 1042 θεὶς“
226 974 347 1034 απάντων
361 981 411 1035 τῶν
431 975 525 1036 όντων·
545 982 678 1054 γενομένης
697 980 724 1035 δε
740 1001 785 1053 μοι
799 979 845 1048 τής
863 979 933 1048 δλκης

146 1058 213 1135 πρὸς
224 1061 316 1117 τοῦτον
329 1063 442 1136 πρῶτον,
463 1063 579 1129 ἐπέδειξα
595 1062 690 1136 4σαφῶς
707 1066 761 1126 τοῖς
778 1059 931 1128 δικάζουσιν,

146 1140 231 1218 ῶςπερ
243 1141 302 1218 ῶμῖν
314 1145 440 1212 ἐπιδείξω,
458 1140 542 1202 πάνθ’
559 1143 612 1202 ὅσα
625 1143 684 1218 ήμῖν
696 1146 856 1216 κατελείφθη
865 1141 931 1219 χρή-

145 1248 230 1301 ματα,
249 1223 443 1302 ἀπεστερηκότα
454 1227 547 1290 τοάτον
556 1224 609 1302 μετ’
624 1230 733 1295 ἐκείνων,
754 1222 784 1284 οά
798 1246 931 1303 καταψευ-

147 1306 414 1384 δομαρτυρησάμενος.
441 1307 575 1386 τεκμήριον
592 1311 621 1367 δὲ
635 1314 768 1386 μέγιστον·
787 1310 933 1386 μαρτυριῶν

145 1390 200 1467 γὰρ
211 1395 287 1450 πλέον
298 1389 316 1462 ή
330 1389 399 1449 πάνυ
411 1394 512 1492 πρλλῶν
523 1395 574 1451 τῶν
588 1392 699 1451 ἀπασῶν
711 1389 934 1493 ἀναγνωσθεισῶν

146 1476 190 1531 ἐπὶ
201 1498 233 1550 τη
221 1475 317 1550 δλκη,
339 1476 383 1532 καῖ
394 1472 492 1534 τοότων
503 1477 554 1534 τῶν
566 1499 623 1551 μεν,
646 1475 681 1541 ῶς
697 1472 791 1533 ἔδοσάν
807 1499 832 1532 τι
849 1473 933 1548 τούτῳ

146 1559 197 1615 τῶν
209 1558 282 1629 ἐμῶν,
296 1559 563 1634 καταμαρτυρουσῶν,
581 1555 680 1627 τῶνδ’,
698 1557 733 1623 ῶς
750 1559 873 1634 παρῆσαν
886 1581 931 1615 κο-

146 1642 276 1715 μιζομὲνῳ,
288 1641 339 1698 τῶν
352 1637 421 1709 δ’,ι
402 1664 437 1705 ως
447 1639 583 1750 πριάμενοι
594 1639 680 1741 παρὰ,
682 1638 777 1699 τούτου
789 1639 873 1715 τούτῳ
885 1638 934 1705 τάς

146 1719 223 1794 τιμής
236 1724 360 1792 διέλυσαν,
373 1683 429 1782 όάδ
444 1714 462 1800 ᾖ
474 1726 523 1782 τινλ
534 1721 632 1782 τούτων
645 1725 695 1782 τῶν
704 1697 934 1822 ψαιδομαρτδριῶν

147 1801 328 1907 ἐπεσκήψατο,
347 1803 406 1864 οάδὲ
419 1813 480 1878 (⁸47)
494 1806 630 1881 τετόλμηκε
642 1804 752 1910 διῶκειν,
770 1801 856 1863 ἀλλ”
838 1830 854 1877 η
868 1803 932 1864 ταά-

147 1911 192 1958 την
206 1879 316 1963 μίαν
288 1911 382 1957 ουσαν,
409 1895 434 1947 ἐν
450 1914 468 1965 η
454 1879 645 1991 δραχμήν’
618 1912 664 1947 ουκ
683 1887 716 1947 ῶν
730 1913 782 1962 εχει
794 1891 874 1956 δεῖξαι
886 1911 931 1989 με·

146 1975 346 2072 μαρτυρημενην
379 1971 507 2031 καλτοι’
475 1996 506 2030 το
518 1995 550 2073 γε
561 1975 704 2047 τλμημα
669 1996 720 2030 των
728 1969 880 2048 χρημάτων,
898 1961 934 2028 ῶν

148 2051 340 2132 ἀπεστερήμην,
367 2051 414 2112 οάκ
431 2061 459 2112 ἐκ
476 2054 571 2126 ταύτης
584 2057 717 2120 συντιθεὶς
729 2052 875 2131 ἐλογιζόμην
888 2077 932 2112 τα-

149 2141 256 2206 σοῦτον,
269 2134 312 2208 (οά
324 2135 377 2213 γάρ
395 2135 472 2196 ἔνεστ’
490 2134 659 2244 ἀργύριον)
647 2134 699 2195 ἀλλ
715 2141 853 2205 ἐξέκελνων
866 2133 930 2195 καθ’

147 2221 246 2277 ἕκαστα
259 2224 351 2288 τιθεῖς,
365 2215 406 2286 αἷς
419 2244 494 2286 ουτος
506 2218 552 2278 οάκ
565 2218 738 2298 ἐπεσκήψατο.
761 2219 866 2279 ὅθενε
842 2244 867 2278 οι
878 2215 931 2278 τότ

147 2298 307 2368 ἀκούσαντες
320 2300 350 2360 οά
362 2301 441 2378 μόνον
454 2300 535 2362 αάτοδ
547 2307 723 2405 κατέγνωσαν,
741 2299 806 2360 ἀλλά
825 2327 870 2360 και
883 2304 935 2360 τῶν
967 2335 970 2340 ·

146 2389 368 2460 λπιγεγραμμενων
384 2390 513 2460 λτλμησαν.
547 2376 661 2452 τλνος
631 2409 677 2444 ουν
693 2381 752 2443 ἕνεκ’
772 2389 868 2451 ἐκείνας
888 2388 934 2460 μὲν

147 2472 228 2533 σιἀσε,
242 2469 304 2541 τῇδε
317 2469 344 2525 δὲ
356 2466 539 2546 ἐπεσκήψατος
551 2468 601 2546 ἐγῶ
614 2471 659 2526 καλ
670 2470 748 2526 τοῦτο
760 2467 862 2536 διδάξω.
884 2470 935 2526 τῶν

145 2551 292 2626 μαρτυριῶν
310 2548 372 2608 ὅσαι
387 2554 452 2654 μὲν
456 2549 536 2611 αάτοά
555 2548 666 2653 χρήματ
688 2553 752 2622 ἔχειν
772 2548 933 2653 κατεμμρτά-

145 2655 220 2708 ροον,
245 2628 301 2707 ᾔδει
324 2636 416 2706 σαφῶς
438 2633 478 2692 ὅτι
498 2633 614 2709 τοσοάτιμ
631 2636 730 2708 μᾶλλον
747 2633 935 2710 ἐλεγχθήσεται

144 2711 216 2773 ταῦτ’
232 2716 308 2786 ἔχων,
327 2714 383 2790 ὅσῳ
401 2721 493 2778 πλελων
509 2714 586 2792 λόγος
598 2691 744 2788 δοθήσεται
756 2714 851 2776 καθ’“
837 2741 864 2776 εν
876 2719 935 2794 περὶ
