1972 3114
94 113 126 162 28
350 108 630 158 ΔΗΜΟΣΘΕΝΟΥΣ
838 118 884 165 648.

92 216 176 286 χιλίας
187 207 370 288 προςοφλησει.
402 206 454 266 ἀλλ’
471 205 518 281 ούχ
531 198 605 274 ούτος
618 210 717 285 ἔγραψε
729 207 822 274 τούτο,
838 204 884 262 66-

95 293 168 351 λὰ
142 318 187 353 τον
199 297 245 370 μὲν
259 290 354 369 ἀθῷον
368 290 595 359 αἰτιάσασθαι,
569 316 613 348 τον
627 289 686 348 δὲ”
669 313 781 367 ακριτον,
795 313 883 365 παρα-

92 380 181 454 χρῆμα
199 350 362 477 ἐκδίδοσθαι.
398 375 443 433 ἐὰν
461 376 489 431 δέ
506 398 543 440 τις
561 369 758 450 ύνθροίπων,”
740 397 756 443 η
776 396 819 429 και
812 371 885 442 ὅλη

94 459 174 528 πόλις,
184 457 319 525 τοσούτοις
332 462 447 533 νομίμοις
460 455 656 533 ἆναιρουμτνοις,
667 455 740 521 ὅσοις
753 461 804 531 ἐγω
794 453 882 521 διεξ-

95 541 226 613 ιλήλοθα,
253 545 298 599 καί
323 538 457 605 τοσούτοις
481 541 653 616 δικαστηρίοις
678 541 884 611 καταλυομένοις,

96 625 170 690 ὅσοις
182 623 319 700 εἴρηκα,ι
306 649 323 680 α
319 622 400 681 θεοὶ
413 624 571 690 κατέδειξαν,
593 625 638 679 καί
654 621 720 696 μετὰ
737 622 822 678 ταῦτα
837 617 883 678 δίν-

94 713 202 783 θρωποι
212 708 326 782 χρῶνται
339 703 426 763 ποίντα
439 704 484 763 τὸν
493 703 600 782 χρόνον,
618 703 758 780 βοηθήσῃ,
776 705 821 760 καί
837 702 885 760 τὸν

93 786 259 866 ύβριζόμσνον
275 793 320 847 καὶ
338 787 568 865 παρανομούμενον
587 785 723 861 οίφέίηται,
742 787 885 844 ἔκσπονδον

95 875 209 949 ἔγραψεν
221 868 299 940 εἶναι,
324 874 368 928 καὶ
381 867 440 928 ούδὲ
452 869 534 945 τούτῳ
547 868 637 945 λόγον,
664 867 723 928 ούδὲ
740 873 824 946 κρίσιν
836 890 882 924 πε-

94 959 211 1056 ποίηκῳ,
232 952 298 1011 ἀλλὰ
316 957 360 1012 καί
376 955 468 1012 τούτον
486 950 568 1018 ούθύς
582 951 643 1010 ἄνευ
656 957 762 1029 κρίσεως
776 949 884 1019 κολάζει.

94 1040 151 1104 πῶς
170 1035 202 1094 ύίν
219 1062 235 1108 η
224 1034 396 1114 ”δεινόιερον
412 1041 511 1113 γίνοιτο
526 1033 541 1107 ἢ
558 1033 777 1112 παρανομώτερον
789 1032 885 1092 τούτου

94 1119 234 1222 ηήοςσνῳ

155 1201 216 1279 Ἀρύ
228 1226 266 1269 τις
278 1202 337 1278 ἡμῖν
351 1205 387 1261 ἔτι
400 1200 488 1268 λοιπός
501 1209 555 1261 ἐστι
567 1199 658 1276 νύμος,·
672 1202 762 1268 δοιξον
785 1201 883 1257 ούτοσί.

94 1290 151 1362 ίομο
163 1309 262 1344 τουτον

94 1423 113 1468 Ν
121 1421 231 1470 οΜοΣ
258 1399 334 1469 ,‚'E6v
356 1426 393 1467 τις
413 1403 487 1477 βιαίῳ
509 1399 622 1476 θανάτῳ
649 1397 833 1476 οἰποθοῖνῃ,ε
818 1404 885 1475 οπὲρ

134 1484 229 1584 τούτου
242 1491 296 1550 τοῖς
307 1483 477 1561 προςηκουσιν
489 1481 553 1542 εἶναι
567 1482 614 1550 τὰς
633 1480 853 1560 ἇνδροίηψίας,”
838 1506 886 1548 τοις

138 1565 170 1624 ύίν
186 1567 201 1638 ἠ
198 1566 293 1632 δίκας
310 1570 356 1625 τού
375 1565 458 1641 φόνου
469 1565 632 1639 ύπόσχωσιν,
656 1593 673 1639 η
687 1589 747 1631 τοος
761 1561 883 1623 ἀποκτεί-

137 1674 231 1715 ναντας
254 1651 369 1708 ἐκδῶσιν
398 1673 444 1722 την
469 1651 497 1706 δὲ
524 1647 698 1726 ἀνδροληψίαν
725 1645 789 1706 εἶναι
811 1653 885 1723 μέχρι

136 1736 219 1810 τριῶν,
231 1736 308 1790 πλέον
322 1730 396 1789 δὲ’
360 1756 403 1808 μη.
406 1743 421 1768 “

157 1866 279 1935 Πολλῶν,
302 1891 322 1924 οι
307 1855 430 1941 ’ἄνδρες
444 1864 593 1936 Ἀθηναῖοι,
613 1866 697 1931 καλῶς
713 1861 821 1937 ἐχόντων
838 1862 883 1921 νό-

94 1975 161 2027 μων,
189 1947 236 2010 ούκ
254 1946 304 2008 οἷδ’
325 1954 353 2006 α’
367 1972 434 2014 τινος
449 1971 525 2020 ηττον
542 1972 618 2015 οοτος
630 1971 680 2022 εχει
692 1949 775 2012 κοίως
787 1970 832 2004 και
823 1948 883 2003 δι-

96 2032 200 2100 καίως“
187 2059 202 2093 ο
214 2031 300 2107 νόμος.
335 2035 479 2108 σκίιμοισθι
495 2029 560 2109 γάρ,
588 2029 688 2104 (648)”
669 2055 704 2097 ως
716 2034 828 2104 νομίμοις
840 2032 885 2087 καί

97 2116 202 2216 σφόδρρι
227 2113 407 2222 ἀνθρωπίνως
425 2120 512 2173 κτίται.
547 2113 592 2173 ἐοίν
612 2138 650 2180 τις
669 2115 745 2190 βιαίῳ
769 2111 883 2212 θανάτῳ

96 2197 234 2275 ἆποθύνη,
246 2201 332 2271 φησίν
350 2199 453 2275 πρῶτον
465 2201 514 2300 μὲν
524 2196 555 2269 δὴ
567 2199 645 2255 τούτο
657 2193 832 2273 προςγροίιμας
844 2193 883 2261 τό,

95 2285 178 2357 βιαίῳ,
193 2279 323 2355 σύμβολον
335 2271 514 2355 πεποίηκεν,
493 2304 513 2336 ω
525 2278 708 2358 γῳνώσκομιν,
718 2303 766 2346 οτι,
778 2275 811 2334 ι’ίν
825 2275 882 2334 ἆδί-

95 2389 153 2467 κῳς,
166 2368 239 2440 λέγει.
272 2362 337 2439 ύπὲρ
349 2361 455 2464 τούτῳ,
475 2366 552 2435 φησί,
569 2386 623 2428 τοις
634 2359 806 2463 προςήκρυριν
820 2357 885 2417 τίνοι

95 2447 144 2514 τὰς
156 2444 370 2524 ἅνδροίηηιίας,“
356 2470 402 2512 εως
415 2444 448 2503 δν
459 2470 476 2517 η
463 2443 561 2512 ”olnae
572 2445 619 2503 τού
631 2442 713 2517 φόνου
725 2441 884 2517 ύπύσχωσιν,

94 2529 112 2601 ἢ
130 2528 192 2596 τούς
205 2526 406 2594 ἀποκτείναντας
419 2530 532 2586 ἐκδῶσιν.
566 2533 721 2596 σκοπεῖσθε,
739 2526 775 2590 ὥς
791 2528 883 2592 καλῶς.

96 2610 223 2690 πρύτερον
233 2616 279 2687 μὲν
291 2610 417 2683 ύποσχοῖν
427 2613 500 2677 δίκας
513 2607 588 2678 ιἰξιοῒ.
614 2610 680 2686 μοτύ
697 2613 780 2669 ταύτα
793 2611 832 2678 δι’,
850 2607 884 2666 ύίν
