1972 3114
86 193 135 242 112
339 190 619 241 ΔΗΜΟΣΘΕΝΟΥΣ
822 202 869 250 739.
901 267 902 281 ρ

87 291 108 349 εί
120 290 155 365 μη
169 288 338 366 καταβάλοιεν
351 289 384 348 τὰ
394 288 528 367 χρήματα,
546 289 613 348 κατὰ
632 289 692 356 τοὺς
703 288 800 367 νόμους
808 289 872 359 τσίνς
896 294 902 324 ¹

86 377 237 449 προτέρους,
262 380 289 431 ἐν
305 369 344 439 οἷς
361 376 405 431 καί
418 373 432 433 ὃ
446 371 539 448 δεσμὸς
551 371 623 444 καὶὴ
636 375 759 431 διπλασία
771 377 869 450 μέμρα-
896 359 902 408 ί

85 479 149 513 πται
167 453 333 532 ἀνθρώποις,
357 456 385 513 οἳ
400 453 443 513 διὰ
460 454 490 513 τὸ
513 458 670 531 ζημιοῦσθαι
693 457 735 513 ἐπὶ
753 457 786 530 τῇ
808 453 871 531 ὠνῇ,
897 460 902 491 ¹

87 560 191 604 ακοντες
208 540 309 614 ἔμελλον
325 536 372 607 τὴν
389 536 461 597 πόλιν
475 535 614 608 ἆίικησειν·
635 534 755 638 τρῖςίΗ
741 561 869 614 νφαιρου-
898 548 902 575 ¹

85 623 169 695 με’νοις
180 618 214 677 τὰ
226 621 272 690 τῆς
283 618 388 703 πόλεως,
401 643 445 678 και
437 622 621 697 ἱεροσυλοῦσι
633 618 666 677 τοί
679 621 725 690 τῆς
736 622 813 687 θεοῦ,
823 619 871 677 τὸν
899 625 902 658 ⁸

87 700 181 775 δεσμὸν
198 697 309 774 ἇφελλεν.
343 703 464 761 καίτοι
443 725 465 759 ει
480 704 526 776 μέν
542 700 638 760 ἐλάττω
654 700 761 768 τούτους
774 699 871 760 ιλίικεῖν

87 788 185 842 ἐκείνων
201 787 305 859 νομίσαι
322 783 428 858 φήσεις,
453 782 553 886 ἇνᾶμκη
568 788 717 889 μαίνρσθαί
730 806 761 842 σε
773 782 868 858 ὃμολο·

85 872 151 942 yfir,
166 873 227 938 (739)
241 889 262 924 ει
254 867 302 923 ’δὲ
312 872 387 942 μείζω
398 866 551 941 νομίζων,
530 890 615 966 ωςπερ
625 869 706 934 ἔστιν,
725 872 806 925 ἐκεῖνα
818 863 868 922 τᾶ-

87 946 226 1049 θικηματρ,
240 972 300 1014 τους
311 953 357 1024 μὲν
371 946 456 1023 σἰφίης,
468 973 529 1016 τους
542 947 615 1007 δὲ’
580 973 624 1024 μη,
638 973 685 1008 ουκ
698 947 746 1020 ἤίη
759 946 873 1019 ίηλος
847 971 860 1005 ε

86 1028 225 1132 πεπρακώς
235 1030 265 1090 τὸ
278 1035 387 1109 πρᾶγμα
401 1055 515 1102 τουτσις,Ι

143 1111 227 1182 Αξιον
238 1118 323 1173 τοίνυν
336 1118 380 1173 καί
392 1110 459 1174 ταῦτ’
475 1116 560 1184 είπειν,
574 1113 636 1174 ὅσον
648 1113 720 1222 υμεῖς
730 1116 871 1216 διαφέρετε,

86 1221 107 1254 ω
92 1186 210 1273 ανδρες
223 1199 355 1267 δικασταί,
367 1196 631 1275 μεμαλοφροσανη
595 1221 646 1256 των
657 1204 778 1275 ρητσρων
798 1193 872 1297 φμεῖς

85 1284 129 1380 μέν
140 1302 171 1356 με
183 1279 216 1338 τὰ
229 1282 272 1338 ἐπι
283 1305 318 1356 τῳ
306 1279 428 1352 πλήθει
441 1284 661 1382 νενομοθετημένα
675 1277 757 1347 δεινά,
776 1276 821 1336 ἐάν
832 1301 872 1344 τις

85 1386 103 1432 η
89 1359 223 1435 ”ίιχο’θεν
235 1361 426 1440 μισθοφορῇ,
408 1388 425 1436 η
439 1360 588 1466 aquatam,
560 1387 594 1421 τω
583 1365 721 1463 θημοσίῳ
734 1357 869 1431 ἐκκλησιυί·

87 1450 124 1520 ζῃ,
137 1469 153 1516 η
141 1443 296 1521 θικαζη
279 1469 295 1515 η
310 1443 372 1504 <wo
385 1471 409 1505 τι
420 1448 497 1522 ποιῇ,
514 1470 550 1505 ων
563 1448 588 1506 ολ
598 1443 673 1520 νόμοι
688 1441 869 1520 ἇπαμορεαου-

88 1551 136 1594 σιν,
146 1551 176 1627 οφ
165 1525 271 1584 ’λύετε
281 1531 326 1586 καί
338 1531 403 1587 ταῦτ
400 1525 546 1598 'affines‘
531 1553 571 1588 οτι
583 1526 625 1587 aa&
638 1529 728 1585 πενίαν
740 1524 870 1596 ποιήσεων

87 1633 102 1668 ο
121 1633 218 1667 τουτων
238 1632 263 1665 τι
282 1613 375 1680 ποιῶν,
400 1608 511 1711 ριίιίέ’
480 1635 574 1686 νομσυς
594 1632 725 1675 τοιουτους
743 1613 869 1675 τίθεσθε,

87 1689 158 1756 ὅπως
170 1694 302 1758 ίξουσία”
287 1716 360 1752 εστατ
377 1690 466 1759 αὐτοῖς
480 1700 646 1799 ἐξαμαρτεῖν,
673 1689 738 1749 αλλὰ
758 1688 867 1749 τοῦναν-

86 1772 193 1841 τίον,
178 1797 249 1839 οπως
258 1796 306 1849 μη
332 1767 493 1844 ουτσιιί’,“
478 1801 548 1843 οπως
561 1801 586 1834 οι
597 1800 630 1834 τα
620 1771 868 1848 αίσχιστακαίτα

87 1854 222 1915 δεινότατα
234 1880 366 1924 ποιουντες
378 1857 491 1929 δίκην
459 1881 495 1933 μη
508 1856 642 1917 δώσουσιν.
664 1855 721 1915 εἶτα
731 1861 866 1933 προπηλα-

87 1945 199 2008 κίσυσιν
211 1964 280 2015 υμας
291 1942 342 2014 ἰδίᾳ
355 1964 410 2006 τοις
421 1938 543 2017 λόγοις,ε
524 1965 560 2008 ως
567 1965 641 2000 αυτοι
632 1942 728 1999 καλοί
741 1936 867 2016 κᾶγαθσί,

86 2026 204 2100 πονηρῶν
217 2047 261 2080 και
253 2019 462 2126 οἰχαρίστων’
438 2026 540 2081 οικετων
556 2022 668 2126 τρόπους
684 2025 790 2096 εχοντες,
825 2044 857 2077 κα

86 2106 139 2182 γὰρ
151 2097 293 2174 ἐκείνων,
274 2130 295 2163 ω
309 2104 399 2183 ανδρες
412 2106 578 2175 δικασταί,’
563 2131 622 2166 οσοι
635 2105 667 2165 ἂν
679 2103 813 2181 ἐλευθεροι
824 2106 855 2179 με’

86 2212 190 2256 νωνται,
208 2185 239 2247 αὖ
252 2212 297 2259 της
309 2187 504 2266 ἐλευθερίας’
467 2213 544 2266 χαριν
555 2192 642 2263 εφουσι
655 2194 710 2254 τοῖς
721 2185 852 2245 δεσπόται

88 2268 153 2327 ἀλλὰ
166 2275 274 2372 μισουσι
285 2270 399 2347 μάλιστα
412 2296 515 2329 παντων
527 2269 688 2373 ανθρώπων,
706 2269 746 2328 ὅτι
760 2272 846 2327 σανίσι

88 2377 129 2410 σιν
143 2351 231 2417 αὖτοῖς
244 2353 419 2413 ἐσυλευσασιν.
454 2354 520 2413 ου’τω
538 2354 568 2426 (λη’
585 2357 629 2412 και
646 2377 715 2411 ουτοι
728 2355 752 2410 οἱ
765 2351 841 2429 ῥητορ

89 2431 135 2492 m'u
150 2431 288 2509 ἀγαπῶσιν
299 2443 326 2494 ἐκ
339 2436 453 2508 πενήτων
463 2434 610 2496 πλαίσιοι’
595 2434 648 2495 απὸ
661 2439 706 2506 τῆς
717 2433 816 2499 πολεως
827 2457 836 2509 η

86 2513 211 2593 ηνόμενοι,
226 2513 290 2574 ἄλλα
303 2543 347 2575 και
341 2518 615 2619 προπηλακίζρυσι
589 2542 618 2577 το
631 2516 768 2588 πλῆθος,“
753 2542 794 2575 οτι
807 2540 831 2573 σι

88 2595 203 2658 οιθεν’
172 2602 256 2657 αυτῶν
271 2597 435 2667 ἑκάστοις
406 2626 438 2659 τα
455 2609 481 2660 ἐν
500 2626 531 2677 τῃ
520 2605 623 2674 πενίᾳ
641 2624 685 2658 και
677 2598 825 2670 νεότητιέ

87 2679 241 2757 τηίευματα.
