1972 3114
46 40 67 161 ιι

48 210 52 321 ί

53 528 64 563 Ρ

55 776 67 808 Ι

66 180 69 187 ’
122 190 166 236 825.
288 180 392 228 ΚΑΤΑ
415 181 744 233 ΑΡΙΣΤΟΚΡΑΤΟΥΣ.
902 189 917 236 7

122 281 269 356 Χαρίδημος
284 276 414 353 εἰσφαλῶς
426 278 518 338 ποίντα
530 287 748 386 καταστρέψαιτο.
779 287 801 343 εί
813 289 918 390 πρῶτον

121 366 175 462 μέν,
183 388 217 421 αν
229 387 269 429 τις
283 360 366 421 αὐτὸν
379 360 531 440 ἆποκτείνη,
538 363 664 441 ψήφισμα
677 366 798 443 ὑμέτερον
808 372 918 443 γένοιτο,

123 443 254 548 ἀγώγιμον
266 443 346 504 εἶναι·
374 444 496 523 δεύτερον
509 449 548 514 δέ,
562 470 584 505 ει
576 449 790 552 ’χειροτονηθείη
804 473 917 526 στρατη·

122 527 167 604 γός
178 527 224 634 ένρ
239 528 314 604 όμῶν
325 530 488 636 Χαρίδημος.
519 552 578 588 ουτε
589 530 643 606 γὰρ
654 529 766 608 υμετερρι
780 555 919 609 στραττχερ

123 617 262 715 προχείρως
277 616 382 670 ἐναντία
395 611 584 682 θήσεσθαι
554 637 587 669 τα
602 611 671 671 ὅπλα
684 611 788 722 ἤμελλεν
802 613 919 688 όΣίμοικ,

124 692 208 751 οὐδ”
194 720 210 753 ο
223 693 348 772 Βιόνωρ,
361 699 653 800 πολῖταιγεγενημενοι,
666 721 710 755 και
702 695 834 763 αλλως’
820 720 917 755 εσπου-

124 777 228 845 δακότες
241 777 312 855 πρὸς
325 777 407 854 ὖμίις·
430 803 444 837 ο
433 776 487 836 ’δὲ
500 777 531 849 δὴ
543 783 610 855 γένει
621 784 722 850 πολίτης
735 777 919 919 Ἀθηνόδωρρς

124 858 180 918 οόδέ
193 859 409 936 βουλεόσεσθαι,
431 859 535 921 εὔδι’
508 885 555 933 την
574 861 617 919 διὰ
630 866 678 922 τοῦ
690 867 862 940 ψηφίσματος
875 863 917 919 αἶ-

124 949 177 1001 τίαν
187 943 426 1013 ὑποδύσεσθαι,ι
409 969 425 1016 η
447 935 604 1022 πρόδηλοςς
588 969 620 1016 ην
631 943 668 1004 ἐπ’
684 950 794 1011 ίκείνους
805 944 919 1015 ἥξουσα,

124 1034 149 1084 ει
155 1053 179 1086 τι
191 1027 285 1086 παθοι
297 1030 458 1105 Χαρίδημος.
492 1034 519 1086 ίκ
532 1029 560 1085 δε
572 1052 667 1086 τουτου
679 1053 725 1088 του
738 1026 853 1104 τρόπου,
866 1030 918 1084 τῶν

122 1116 165 1185 μέν
178 1108 310 1189 ἐροίμεθ’
295 1135 376 1170 οντων
388 1111 512 1186 βοηθεῖν,
534 1108 623 1176 αὐτοῖς
640 1113 667 1168 δὲ
681 1108 770 1210 ρἰδείας
783 1112 919 1210 δοθείσης,

122 1197 214 1272 ῥᾳδίως
238 1196 356 1269 ἐκβολείν
375 1198 485 1260 ίκεινους
505 1194 550 1251 καὶ
571 1191 745 1264 κατασχήσειν
765 1190 812 1263 τὴν
828 1188 918 1269 ἇρχήν.

123 1280 163 1335 καί
176 1277 216 1337 ότι
230 1273 359 1336 ww*
328 1301 409 1344 ουτως
422 1299 513 1352 ηνοντο,
529 1277 574 1334 καὶ
586 1273 653 1334 τοῦτ’
664 1300 696 1347 ην
709 1274 739 1334 τό
753 1272 917 1334 κατασκεόα-

55 1422 65 1445 ι
124 1385 175 1463 σμα
188 1358 294 1430 αίιτοῒς,
313 1358 346 1418 τό
363 1364 523 1438 πραχθέντα
538 1356 605 1417 αυτίι
618 1363 763 1467 κατηγορεῖ.
785 1357 854 1459 ἅμα
862 1381 920 1460 γαρ

124 1448 156 1520 τῷ
178 1448 283 1520 πολεμῳ
305 1465 334 1502 τε
355 1448 496 1520 ἐνεχείρουν
519 1439 607 1510 οὗτοί,
632 1445 677 1500 καὶ
694 1440 762 1544 πρός
778 1439 919 1515 όμᾶςηκεν

121 1524 310 1630 Ἀριστόμαχος
324 1525 485 1604 πρεσβευτὴς
503 1549 559 1601 παρ
586 1523 681 1593 αὐτῶν,
709 1521 919 1596 όἌλικτεκῆθεν

52 1653 62 1679 .
125 1609 260 1680 οίποσί,
245 1635 276 1678 ος
289 1607 356 1668 αλλα
368 1632 397 1667 τε
411 1605 563 1685 ἐδημηγόρει
581 1605 641 1686 παρ’
656 1608 728 1684 υμῖν,
745 1611 857 1667 έπαινῶν
873 1611 918 1666 καί

125 1693 220 1762 διεξιών
237 1692 285 1752 τόν
298 1695 501 1770 Κερσοβλέπτην
518 1694 563 1749 καί
579 1690 624 1750 τόν
632 1694 796 1770 Χαρίδημον,
820 1691 855 1759 ὥς
872 1716 917 1765 φι-

125 1774 290 1854 λανθρώπως
303 1785 365 1849 (625)
381 1777 469 1849 έχουσι
482 1773 551 1852 πρός
561 1773 641 1850 όμᾶς,
659 1779 704 1834 καί
714 1773 795 1851 μόνον
807 1771 917 1852 όνθρτό-

126 1884 177 1918 πων
195 1859 230 1919 όίν
247 1862 298 1935 ἔφη
308 1861 461 1937 Χαρίδημον
471 1855 622 1933 Ἀμφίπολιν
639 1863 810 1935 κομίσασθαι
822 1858 853 1933 τῇ
867 1855 917 1915 πό-

126 1949 159 2001 λει
179 1941 336 2012 δόνασθαε,
362 1945 407 2001 καλ
428 1940 540 2019 παρῄνει
564 1942 710 2019 στρατηγόν
729 1941 919 2017 χειροτονῆσαι.

48 2080 61 2106 χ
125 2025 270 2102 ητοίμαστο
294 2022 372 2083 δ”
341 2049 429 2092 αυτοις
451 2049 531 2084 τουτο
548 2022 578 2083 τό
594 2022 782 2126 προβούλευμα
795 2023 841 2078 και
852 2045 918 2097 προ

126 2107 273 2185 διῳκητο,“
261 2133 318 2178 ινα,
331 2130 353 2166 ει
344 2109 518 2179 πεισθείητε
531 2111 606 2166 ἐκ
571 2132 621 2167 των
632 2107 800 2177 αποσχεσεων
813 2105 921 2162 κοίταν

126 2192 280 2261 ἐλπίδων,ι
267 2192 300 2259 είς
313 2190 441 2250 ὑπέτεινεν
456 2190 470 2250 ὃ
481 2188 683 2268 Ἀριστόμαχος,
697 2184 781 2252 εὗθίις
795 2182 920 2263 ίπικυριό-

44 2345 53 2364 ι
126 2297 191 2333 σειεν
209 2299 225 2334 ο
211 2272 337 2350 δῆμος,
356 2298 400 2333 και
391 2276 495 2349 μηδέν
512 2274 665 2349 ίμποδέιν’
644 2278 692 2342 ειη
724 2270 860 2328 καίτοι
818 2292 875 2334 πως
889 2290 922 2323 ⁰2⁹

124 2356 308 2460 τεχνικώτερον
328 2356 345 2428 ἢ
367 2354 575 2434 κακουργότερον
596 2350 852 2431 συμπαρεσκεύασαν
874 2346 920 2406 όν-

124 2439 277 2519 θραητοι,
262 2463 336 2506 οπως
349 2442 373 2499 οἱ
385 2444 430 2516 μὲν
443 2441 612 2499 ίκπεσοὶινται
625 2440 676 2497 τῶν
679 2439 826 2537 βασιλέρνν,
837 2426 923 2497 είςδ,

126 2525 154 2584 όν
174 2521 253 2584 αὗταί
272 2520 422 2600 βούλονται,
446 2524 540 2580 πᾶσαν
557 2518 601 2595 ὑφ’
623 2519 704 2578 αὑτὸν
721 2538 861 2587 ποιησεται
878 2535 925 2609 την

126 2605 223 2685 όρχην,
236 2631 268 2679 η,
286 2629 350 2672 τους
362 2611 406 2681 μέν
419 2629 476 2664 τοιν
488 2607 559 2663 δυοιν
572 2601 764 2679 βοηθήσαντας
778 2595 811 2654 όν
825 2597 860 2660 εἷς
872 2591 924 2694 ρό-

41 2723 45 2743 ·
125 2694 173 2769 βον
184 2715 232 2750 και
222 2693 426 2763 συκοφαντίας
443 2685 577 2762 είιλόβειαν
594 2681 787 2760 καθιστάντες,
811 2701 843 2752 ην
860 2671 927 2737 εἰκὸς
