1972 3114
97 202 128 255 86
350 200 629 254 ΔΗΜΟΣΘΕΝΟΥΣ
837 212 884 255 711.

136 303 232 377 μηδενί.
255 298 300 358 ἐὰν
317 301 344 358 δέ
360 324 405 368 τις,
419 297 501 366 λόσοις
514 298 570 358 τινόι
581 300 632 358 τῶν
643 295 727 375 νόμων
740 297 791 355 τῶν
802 301 884 373 κειμέ-

136 409 199 453 νων,
226 384 311 460 ἕτερον
334 380 456 459 ἇντιτιθῇ
477 381 512 458 μὴ
534 381 732 454 ἐπιτήδειον
697 407 733 457 τῳ
755 377 826 455 δήμῳ
848 381 885 454 τῷ

135 464 321 538 Ἀθηναίων,”
304 490 321 537 6
335 469 495 524 δνοντίον”
460 490 511 525 των
523 469 640 540 κειμένων
652 489 701 540 τῳ,
718 462 766 529 τός
777 461 886 564 γρμφὰς

138 548 202 609 εἶναι
215 545 270 607 κατ’
287 545 368 607 αιἰτοῦ
382 547 449 606 κατὰ
462 547 509 607 τόν
519 547 612 624 νόμον,
634 546 662 615 ὃς
674 571 768 615 κειται,
789 544 886 611 ἐόντες

135 657 172 710 μη
163 630 328 703 Ιἐπιτήδειον
340 632 382 708 θῇ
396 638 458 703 (711)
472 629 560 706 νόμον.
561 642 577 668 “

154 712 303 774 Ἠκούσατε
315 717 361 789 μὲν
373 716 419 772 τοῦ
431 711 540 816 νόμου
550 714 651 772 πολλῶν
664 713 692 770 δὲ
704 713 788 778 καλῶς
801 715 883 786 κειμέ-

95 823 145 858 νων
162 795 247 872 νόμων
264 820 295 872 τη
283 794 385 854 πόλει
404 787 540 863 οὗδενδς
522 821 600 868 ηττον
610 795 753 897 ἡγοῦμαι
735 796 780 852 κοιλ
792 798 885 852 τοῦτον

97 879 174 947 ἆξλως
185 882 292 938 ἐπαλνου
303 876 468 982 γεγράφθαι.
496 884 638 956 σκέψασθε
649 877 702 979 γάρ
708 923 715 948 ,
734 876 769 944 ὦς
782 879 885 942 δικαλως

96 989 141 1022 και
132 960 283 1039 σφόδρα
268 964 334 1039 υπὲρ
347 987 394 1020 του
381 959 490 1038 δήμου
504 969 594 1021 κεῖται.
629 960 675 1020 οδκ
690 963 719 1036 ἐᾷ
731 967 785 1027 τοῖς
796 958 882 1037 6666-

95 1071 171 1120 γουσι
183 1043 273 1121 νόμοις
284 1049 399 1104 ἐναντίον
409 1046 540 1123 ελςφόρτιν,
564 1044 609 1103 ἐὰν
626 1044 661 1122 μη
679 1043 746 1120 λόση
759 1042 806 1102 τόν
818 1041 883 1120 πρό-

96 1153 169 1207 τερον
182 1132 301 1205 κείμενον.
319 1130 387 1194 τλνος
398 1129 485 1199 ἔνεκα;
498 1130 602 1204 πρῶτον
613 1132 666 1204 μέν,
679 1125 709 1186 ἵν’
724 1127 784 1203 ὑμῖν
797 1129 840 1202 ἐξῇ
849 1123 883 1183 τὰ

96 1215 183 1272 δλκαια
200 1215 366 1288 φηφλζισθαι
382 1207 436 1287 μετ’
455 1208 594 1286 εὐσεβείας.
628 1212 650 1269 6
667 1209 720 1288 γὰρ
734 1216 825 1281 εἴησαν
837 1207 884 1266 δόο

95 1300 159 1363 τινὲς
172 1298 282 1355 ἐναντίοι
294 1292 382 1369 νόμοι,
395 1298 441 1352 κατ’
452 1318 516 1361 τινες
529 1291 653 1353 ἀντίδικοι
663 1290 725 1368 παρ’
738 1292 799 1368 ὑμῖν
814 1290 883 1369 666-

94 1383 214 1448 νὶζοιντο,
239 1375 257 1450 6
278 1380 338 1455 περὶ
360 1376 522 1451 δημοολωνῆ
544 1379 604 1454 περὶ
623 1378 692 1436 ἰδίων
715 1373 884 1454 πραγμάτων,

97 1459 166 1530 ἀξιοῖ
179 1459 204 1518 δ’
220 1458 341 1536 ἑκάτερος
352 1463 440 1530 νικᾶν,
463 1459 499 1536 μὴ
516 1459 562 1519 τόν
576 1457 655 1519 αὐτόν
667 1457 786 1518 δεικνύων
797 1456 884 1534 νόμον,

96 1541 148 1603 οὔτ’
165 1541 320 1620 ἀμφοτέροις
331 1544 367 1600 ἔνι
380 1541 464 1615 δήπου
475 1548 665 1622 ψηφίσασθαι·
678 1543 734 1608 πός
745 1540 812 1620 666,-
826 1538 885 1600 6666

95 1631 203 1704 θατέρῳ
215 1624 438 1730 ψηφιζομένους
413 1633 536 1728 ευορκεῒν·
553 1625 627 1704 παρὰ
640 1624 693 1703 γὰρ
706 1625 750 1684 τὸν
763 1628 884 1692 ἐναντλον,

96 1707 158 1767 ὄντα
179 1705 237 1765 6’‘
224 1711 317 1784 ομοίως
335 1706 434 1787 κόριον,
451 1709 467 1782 6
484 1711 578 1787 γνῶσις
595 1711 736 1786 συμβαίνει.
769 1703 882 1767 τοῦτότ’

96 1783 142 1850 σόν
162 1790 228 1891 ὑπὲρ
244 1790 316 1866 ὖμῶν
329 1790 519 1894 φυλαττόμενρς
532 1794 616 1852 τοδτα
629 1815 765 1870 προειπεν,
791 1791 864 1850 ταδ’
848 1814 884 1848 ετι

94 1873 160 1951 πρὸς
178 1872 273 1951 ταύτην,
294 1873 448 1950 βουλόμενος
463 1872 610 1951 φόλακας”
594 1877 664 1951 υμᾶς
675 1877 726 1934 τῶν
738 1873 822 1949 νόμων
834 1897 882 1931 κα-

94 1960 238 2030 συστῆσαι·
259 1954 360 2034 ᾔδει
327 1981 381 2037 γαρ
394 1957 510 2028 ἐκεινο,“
495 1984 535 2018 οτι
549 1957 597 2026 τὰς
610 1956 726 2026 δλλας,“
709 1982 742 2024 ας
751 1962 884 2035 γέγραφεν

95 2039 180 2100 αὗτῶν
184 2038 372 2143 φυλακός,”
356 2065 412 2100 εστι
427 2043 544 2118 πολλαχῇ
564 2038 788 2119 διακρούσασθαι.
823 2037 885 2105 τοδς

95 2123 261 2202 συνηγόρους,
273 2122 318 2191 σός
328 2130 503 2202 χειροτονεῖτε,
516 2121 640 2184 66666'n
622 2148 654 2181 αν
665 2127 758 2183 πεῖσαλ
768 2147 807 2190 τις
820 2145 881 2183 σιω-

94 2209 156 2265 πᾶν.
189 2211 320 2266 ἐκτιθέναι
335 2205 443 2275 κελεότι,
460 2231 506 2266 του
494 2208 667 2285 ”προειδιναι
688 2205 801 2273 πάντας·
824 2201 880 2276 τόγ’

96 2287 141 2358 66,
167 2313 189 2347 ει
201 2314 285 2363 τυχσι,
311 2289 428 2365 τοόςμλν
442 2287 607 2357 ἀντειπόντας
624 2289 669 2360 ι’λν,
695 2291 718 2348 6
732 2289 769 2366 μὴ
786 2292 882 2366 προαλ-

95 2377 220 2441 σθοιντο,
237 2370 332 2441 λάθοι,
347 2396 373 2432 οι
363 2369 412 2430 6
429 2369 502 2433 66666
514 2378 679 2478 προςὲχρντες
691 2370 828 2449 ἀναγνοῖεν
841 2369 882 2429 66.

96 2451 162 2512 ἇλλολ
179 2453 344 2533 γράψασθαι
361 2454 392 2557 νη
411 2452 490 2515 Al'“
475 2481 585 2516 εκαστσν
601 2459 681 2515 ἔστιν·
705 2455 719 2514 6
738 2453 812 2533 κᾶγω
802 2453 883 2513 ml

95 2541 235 2610 πεποι’·ηκα
260 2534 400 2608 κάνταῦθ’,
419 2562 451 2597 αν
471 2536 609 2642 διπαλλόξη
622 2563 660 2605 τις
672 2564 717 2597 τον
730 2535 882 2606 ἐπιστάντα,

94 2645 110 2690 6
100 2618 202 2687 ’πόλις
217 2625 450 2699 παρακέκρουσται
472 2613 560 2689 τλς
529 2647 575 2682 ουν
590 2620 657 2698 μόνη
668 2619 771 2697 φυλακη
784 2646 830 2680 και
820 2623 882 2679 δι-

94 2707 156 2761 καία
169 2729 253 2763 καιε
205 2706 253 2779 βε
250 2705 376 2780 ’”βαιος
340 2729 390 2764 των
402 2703 500 2779 νόμωνς
513 2705 585 2782 ὑμεῖς
597 2729 623 2764 οι
614 2707 738 2764 πολλολ’
758 2701 818 2764 ου”τε
829 2703 882 2781 γὰρ
